{
  "AAPL": {
    "income": {
      "symbol": "AAPL",
      "income": [
        {
          "costOfRevenue": 69989100917,
          "currency": "USD",
          "ebit": 42667309472,
          "filingType": "8-K",
          "fiscalDate": "2021-12-24",
          "fiscalQuarter": 1,
          "fiscalYear": 2038,
          "grossProfit": 55542295906,
          "incomeTax": 6773115307,
          "interestIncome": 0,
          "minorityInterest": 0,
          "netIncome": 35310110034,
          "netIncomeBasic": 36011706443,
          "operatingExpense": 83805795722,
          "operatingIncome": 42901674629,
          "otherIncomeExpenseNet": 0,
          "pretaxIncome": 42217427384,
          "reportDate": "2022-01-20",
          "researchAndDevelopment": 6514033252,
          "sellingGeneralAndAdmin": 6758269299,
          "symbol": "AAPL",
          "totalRevenue": 124059377334,
          "id": "CEMONI",
          "key": "LAAP",
          "subkey": "quarterly",
          "date": 1640476800000,
          "updated": 1699036539487.234
        },
        {
          "costOfRevenue": 71055572512,
          "currency": "USD",
          "ebit": 42930233706,
          "filingType": "10-Q",
          "fiscalDate": "2021-12-25",
          "fiscalQuarter": 1,
          "fiscalYear": 2025,
          "grossProfit": 55802751766,
          "incomeTax": 6843572479,
          "interestIncome": 726698255,
          "minorityInterest": 0,
          "netIncome": 34998148612,
          "netIncomeBasic": 34702514887,
          "operatingExpense": 83565343298,
          "operatingIncome": 42989745857,
          "otherIncomeExpenseNet": 0,
          "pretaxIncome": 41630550108,
          "reportDate": "2022-01-22",
          "researchAndDevelopment": 6477142676,
          "sellingGeneralAndAdmin": 6475602503,
          "symbol": "AAPL",
          "totalRevenue": 127607898114,
          "id": "NMEOCI",
          "key": "APAL",
          "subkey": "quarterly",
          "date": 1640390400000,
          "updated": 1683915199831
        }
      ]
    }
  },
  "FB": {
    "income": {
      "symbol": "FB",
      "income": [
        {
          "costOfRevenue": 6400706486,
          "currency": "USD",
          "ebit": 13185550143,
          "filingType": "10-K",
          "fiscalDate": "2021-12-20",
          "fiscalQuarter": 4,
          "fiscalYear": 2066,
          "grossProfit": 28314371728,
          "incomeTax": 2528153941,
          "interestIncome": -105416395,
          "minorityInterest": 0,
          "netIncome": 10406922805,
          "netIncomeBasic": 10531346450,
          "operatingExpense": 21496078917,
          "operatingIncome": 12928250242,
          "otherIncomeExpenseNet": 0,
          "pretaxIncome": 13265071208,
          "reportDate": "2022-01-21",
          "researchAndDevelopment": 7288132107,
          "sellingGeneralAndAdmin": 7986890011,
          "symbol": "FB",
          "totalRevenue": 33828947299,
          "id": "IMENCO",
          "key": "BF",
          "subkey": "quarterly",
          "date": 1640908800000,
          "updated": 1676700357672.896
        },
        {
          "costOfRevenue": 6042090571,
          "currency": "USD",
          "ebit": 10795771749,
          "filingType": "10-Q",
          "fiscalDate": "2021-09-24",
          "fiscalQuarter": 3,
          "fiscalYear": 2087,
          "grossProfit": 24330765332,
          "incomeTax": 1381474024,
          "interestIncome": -120872527,
          "minorityInterest": 0,
          "netIncome": 9336353527,
          "netIncomeBasic": 9340744728,
          "operatingExpense": 19184240551,
          "operatingIncome": 10575612310,
          "otherIncomeExpenseNet": 0,
          "pretaxIncome": 10806808279,
          "reportDate": "2021-10-23",
          "researchAndDevelopment": 6466615639,
          "sellingGeneralAndAdmin": 6544652276,
          "symbol": "FB",
          "totalRevenue": 29282159717,
          "id": "NMOECI",
          "key": "FB",
          "subkey": "quarterly",
          "date": 1632960000000,
          "updated": 1687434224063.021
        }
      ]
    }
  },
  "TSLA": {
    "income": {
      "symbol": "TSLA",
      "income": [
        {
          "costOfRevenue": 13618775153,
          "currency": "USD",
          "ebit": 2929968739,
          "filingType": "10-Q",
          "fiscalDate": "2022-03-18",
          "fiscalQuarter": 1,
          "fiscalYear": 2041,
          "grossProfit": 4922808329,
          "incomeTax": 355502527,
          "interestIncome": 33896251,
          "minorityInterest": -39453166,
          "netIncome": 3404355070,
          "netIncomeBasic": 3468558777,
          "operatingExpense": 15234942874,
          "operatingIncome": 2946549207,
          "otherIncomeExpenseNet": 0,
          "pretaxIncome": 3778029357,
          "reportDate": "2022-04-23",
          "researchAndDevelopment": 901032930,
          "sellingGeneralAndAdmin": 1040091385,
          "symbol": "TSLA",
          "totalRevenue": 18595602568,
          "id": "EMNOCI",
          "key": "ALST",
          "subkey": "quarterly",
          "date": 1648684800000,
          "updated": 1716524517792
        },
        {
          "costOfRevenue": 13342391408,
          "currency": "USD",
          "ebit": 2689012073,
          "filingType": "10-K",
          "fiscalDate": "2021-12-30",
          "fiscalQuarter": 4,
          "fiscalYear": 2052,
          "grossProfit": 4865755389,
          "incomeTax": 298976479,
          "interestIncome": 46055612,
          "minorityInterest": 17173743,
          "netIncome": 2372563036,
          "netIncomeBasic": 2409786814,
          "operatingExpense": 15774391803,
          "operatingIncome": 2689000359,
          "otherIncomeExpenseNet": 0,
          "pretaxIncome": 2761248335,
          "reportDate": "2022-01-25",
          "researchAndDevelopment": 751273360,
          "sellingGeneralAndAdmin": 1527355646,
          "symbol": "TSLA",
          "totalRevenue": 17879225464,
          "id": "CMOINE",
          "key": "SLTA",
          "subkey": "quarterly",
          "date": 1640908800000,
          "updated": 1729345852796
        }
      ]
    }
  },
  "MSFT": {
    "income": {
      "symbol": "MSFT",
      "income": [
        {
          "costOfRevenue": 15908353740,
          "currency": "USD",
          "ebit": 20802265336,
          "filingType": "10-Q",
          "fiscalDate": "2022-03-31",
          "fiscalQuarter": 3,
          "fiscalYear": 2061,
          "grossProfit": 34540502685,
          "incomeTax": 3555256448,
          "interestIncome": 505674558,
          "minorityInterest": 0,
          "netIncome": 17448357499,
          "netIncomeBasic": 17308269516,
          "operatingExpense": 30266141105,
          "operatingIncome": 21175398592,
          "otherIncomeExpenseNet": 0,
          "pretaxIncome": 20206767782,
          "reportDate": "2022-04-19",
          "researchAndDevelopment": 6610933762,
          "sellingGeneralAndAdmin": 7280317724,
          "symbol": "MSFT",
          "totalRevenue": 51260844705,
          "id": "EIOMNC",
          "key": "STFM",
          "subkey": "quarterly",
          "date": 1648684800000,
          "updated": 1696327370042
        },
        {
          "costOfRevenue": 17578302135,
          "currency": "USD",
          "ebit": 23014295013,
          "filingType": "10-Q",
          "fiscalDate": "2021-12-25",
          "fiscalQuarter": 2,
          "fiscalYear": 2061,
          "grossProfit": 35908878632,
          "incomeTax": 3915666264,
          "interestIncome": 538792711,
          "minorityInterest": 0,
          "netIncome": 19315820260,
          "netIncomeBasic": 19456868762,
          "operatingExpense": 29806609837,
          "operatingIncome": 22548060445,
          "otherIncomeExpenseNet": 0,
          "pretaxIncome": 23095056258,
          "reportDate": "2022-01-22",
          "researchAndDevelopment": 6033831360,
          "sellingGeneralAndAdmin": 6982096143,
          "symbol": "MSFT",
          "totalRevenue": 52905986248,
          "id": "NMCOEI",
          "key": "MTSF",
          "subkey": "quarterly",
          "date": 1640908800000,
          "updated": 1654600669103
        }
      ]
    }
  },
  "NFLX": {
    "income": {
      "symbol": "NFLX",
      "income": [
        {
          "costOfRevenue": 4472752387,
          "currency": "USD",
          "ebit": 2029679014,
          "filingType": "10-Q",
          "fiscalDate": "2022-03-30",
          "fiscalQuarter": 1,
          "fiscalYear": 2110,
          "grossProfit": 3643421784,
          "incomeTax": 396142604,
          "interestIncome": 187705950,
          "minorityInterest": 0,
          "netIncome": 1635690303,
          "netIncomeBasic": 1649621528,
          "operatingExpense": 6078427880,
          "operatingIncome": 2058289638,
          "otherIncomeExpenseNet": 0,
          "pretaxIncome": 1992253092,
          "reportDate": "2022-04-07",
          "researchAndDevelopment": 668104118,
          "sellingGeneralAndAdmin": 995114621,
          "symbol": "NFLX",
          "totalRevenue": 8135643133,
          "id": "ICOENM",
          "key": "XLNF",
          "subkey": "quarterly",
          "date": 1648684800000,
          "updated": 1710260557617
        },
        {
          "costOfRevenue": 5329507165,
          "currency": "USD",
          "ebit": 658308725,
          "filingType": "10-K",
          "fiscalDate": "2021-12-28",
          "fiscalQuarter": 4,
          "fiscalYear": 2063,
          "grossProfit": 2524067660,
          "incomeTax": -58310431,
          "interestIncome": 198777004,
          "minorityInterest": 0,
          "netIncome": 633121335,
          "netIncomeBasic": 626242529,
          "operatingExpense": 7181690352,
          "operatingIncome": 640333179,
          "otherIncomeExpenseNet": 0,
          "pretaxIncome": 575867053,
          "reportDate": "2022-01-26",
          "researchAndDevelopment": 670242456,
          "sellingGeneralAndAdmin": 1194169163,
          "symbol": "NFLX",
          "totalRevenue": 7812420725,
          "id": "CENOIM",
          "key": "XFLN",
          "subkey": "quarterly",
          "date": 1640908800000,
          "updated": 1699326847016
        }
      ]
    }
  },
  "APPS": {
    "income": {
      "symbol": "APPS",
      "income": [
        {
          "costOfRevenue": 273770495,
          "currency": "USD",
          "ebit": 29176677,
          "filingType": "10-Q",
          "fiscalDate": "2021-12-31",
          "fiscalQuarter": 3,
          "fiscalYear": 2027,
          "grossProfit": 102804603,
          "incomeTax": 3727723,
          "interestIncome": 2003674,
          "minorityInterest": 48590,
          "netIncome": 7173231,
          "netIncomeBasic": 7362781,
          "operatingExpense": 359247302,
          "operatingIncome": 29580635,
          "otherIncomeExpenseNet": 0,
          "pretaxIncome": 11210794,
          "reportDate": "2022-02-05",
          "researchAndDevelopment": 17859318,
          "sellingGeneralAndAdmin": 57217136,
          "symbol": "APPS",
          "totalRevenue": 387745641,
          "id": "EOCIMN",
          "key": "APSP",
          "subkey": "quarterly",
          "date": 1640908800000,
          "updated": 1721563594897.2537
        },
        {
          "costOfRevenue": 226845270,
          "currency": "USD",
          "ebit": 17262320,
          "filingType": "10-Q",
          "fiscalDate": "2021-09-30",
          "fiscalQuarter": 2,
          "fiscalYear": 2054,
          "grossProfit": 93508500,
          "incomeTax": -2366612,
          "interestIncome": 1723441,
          "minorityInterest": -35692,
          "netIncome": -5860395,
          "netIncomeBasic": -6006683,
          "operatingExpense": 305195058,
          "operatingIncome": 17313883,
          "otherIncomeExpenseNet": 0,
          "pretaxIncome": -8612614,
          "reportDate": "2021-10-29",
          "researchAndDevelopment": 18542828,
          "sellingGeneralAndAdmin": 59163647,
          "symbol": "APPS",
          "totalRevenue": 322720677,
          "id": "OCMEIN",
          "key": "PPAS",
          "subkey": "quarterly",
          "date": 1632960000000,
          "updated": 1688045751149.915
        }
      ]
    }
  },
  "NOW": {
    "income": {
      "symbol": "NOW",
      "income": [
        {
          "costOfRevenue": 375117150,
          "currency": "USD",
          "ebit": 36652979,
          "filingType": "10-K",
          "fiscalDate": "2021-12-30",
          "fiscalQuarter": 4,
          "fiscalYear": 2047,
          "grossProfit": 1278319922,
          "incomeTax": 6119326,
          "interestIncome": 7201010,
          "minorityInterest": 0,
          "netIncome": 26790746,
          "netIncomeBasic": 26445012,
          "operatingExpense": 1601245519,
          "operatingIncome": 35908620,
          "otherIncomeExpenseNet": 0,
          "pretaxIncome": 32675030,
          "reportDate": "2022-01-22",
          "researchAndDevelopment": 396328668,
          "sellingGeneralAndAdmin": 847307791,
          "symbol": "NOW",
          "totalRevenue": 1662480977,
          "id": "INMECO",
          "key": "ONW",
          "subkey": "quarterly",
          "date": 1640908800000,
          "updated": 1698732048258.756
        },
        {
          "costOfRevenue": 366105369,
          "currency": "USD",
          "ebit": 76146551,
          "filingType": "10-Q",
          "fiscalDate": "2021-09-29",
          "fiscalQuarter": 3,
          "fiscalYear": 2067,
          "grossProfit": 1170053147,
          "incomeTax": 5152807,
          "interestIncome": 7037019,
          "minorityInterest": 0,
          "netIncome": 65474876,
          "netIncomeBasic": 64840462,
          "operatingExpense": 1460293291,
          "operatingIncome": 75656291,
          "otherIncomeExpenseNet": 0,
          "pretaxIncome": 68456454,
          "reportDate": "2021-10-16",
          "researchAndDevelopment": 369378373,
          "sellingGeneralAndAdmin": 747043716,
          "symbol": "NOW",
          "totalRevenue": 1576733126,
          "id": "OMCNIE",
          "key": "WON",
          "subkey": "quarterly",
          "date": 1632960000000,
          "updated": 1666560509611.096
        }
      ]
    }
  },
  "TEAM": {
    "income": {
      "symbol": "TEAM",
      "income": [
        {
          "costOfRevenue": 117098294,
          "currency": "USD",
          "ebit": -67797340,
          "filingType": "6-K",
          "fiscalDate": "2021-12-23",
          "fiscalQuarter": 2,
          "fiscalYear": 2035,
          "grossProfit": 579241792,
          "incomeTax": 4469054,
          "interestIncome": 6105142,
          "minorityInterest": 0,
          "netIncome": -81149422,
          "netIncomeBasic": -79961559,
          "operatingExpense": 771459471,
          "operatingIncome": -66781604,
          "otherIncomeExpenseNet": 0,
          "pretaxIncome": -74402214,
          "reportDate": "2022-01-22",
          "researchAndDevelopment": 392777124,
          "sellingGeneralAndAdmin": 265762349,
          "symbol": "TEAM",
          "totalRevenue": 709986137,
          "id": "INOCME",
          "key": "AMTE",
          "subkey": "quarterly",
          "date": 1640908800000,
          "updated": 1694847245826.664
        },
        {
          "costOfRevenue": 102862860,
          "currency": "USD",
          "ebit": 40628846,
          "filingType": "6-K",
          "fiscalDate": "2021-09-28",
          "fiscalQuarter": 1,
          "fiscalYear": 2095,
          "grossProfit": 539510246,
          "incomeTax": 8045987,
          "interestIncome": 7037630,
          "minorityInterest": 0,
          "netIncome": -419688535,
          "netIncomeBasic": -411993874,
          "operatingExpense": 576672060,
          "operatingIncome": 39782191,
          "otherIncomeExpenseNet": 0,
          "pretaxIncome": -398075953,
          "reportDate": "2021-10-27",
          "researchAndDevelopment": 288124222,
          "sellingGeneralAndAdmin": 203116848,
          "symbol": "TEAM",
          "totalRevenue": 640686839,
          "id": "EMIONC",
          "key": "TEAM",
          "subkey": "quarterly",
          "date": 1632960000000,
          "updated": 1648727414163.743
        }
      ]
    }
  },
  "KO": {
    "income": {
      "symbol": "KO",
      "income": [
        {
          "costOfRevenue": 4289329529,
          "currency": "USD",
          "ebit": 2382215011,
          "filingType": "10-K",
          "fiscalDate": "2021-12-21",
          "fiscalQuarter": 4,
          "fiscalYear": 2043,
          "grossProfit": 5424353928,
          "incomeTax": 532212443,
          "interestIncome": 95566451,
          "minorityInterest": 36815789,
          "netIncome": 2434608363,
          "netIncomeBasic": 2472837246,
          "operatingExpense": 7767083847,
          "operatingIncome": 2131748581,
          "otherIncomeExpenseNet": 0,
          "pretaxIncome": 2985471941,
          "reportDate": "2022-02-07",
          "researchAndDevelopment": 0,
          "sellingGeneralAndAdmin": 3420352043,
          "symbol": "KO",
          "totalRevenue": 9634596047,
          "id": "NIMCEO",
          "key": "OK",
          "subkey": "quarterly",
          "date": 1640908800000,
          "updated": 1716997932554.927
        },
        {
          "costOfRevenue": 3990824524,
          "currency": "USD",
          "ebit": 3432875197,
          "filingType": "10-Q",
          "fiscalDate": "2021-09-16",
          "fiscalQuarter": 3,
          "fiscalYear": 2027,
          "grossProfit": 6340667133,
          "incomeTax": 623132392,
          "interestIncome": 146060231,
          "minorityInterest": 4154297,
          "netIncome": 2489273168,
          "netIncomeBasic": 2573844447,
          "operatingExpense": 7323678927,
          "operatingIncome": 3058970735,
          "otherIncomeExpenseNet": 0,
          "pretaxIncome": 3089768088,
          "reportDate": "2021-10-28",
          "researchAndDevelopment": 0,
          "sellingGeneralAndAdmin": 3268435561,
          "symbol": "KO",
          "totalRevenue": 10042503969,
          "id": "NIECMO",
          "key": "KO",
          "subkey": "quarterly",
          "date": 1633046400000,
          "updated": 1701750000871.373
        }
      ]
    }
  }
}
