{
  "AAPL": {
    "income": {
      "symbol": "AAPL",
      "income": [
        {
          "costOfRevenue": 56022366747,
          "currency": "USD",
          "ebit": 31452320398,
          "filingType": "10-Q",
          "fiscalDate": "2022-03-12",
          "fiscalQuarter": 2,
          "fiscalYear": 2063,
          "grossProfit": 42686164999,
          "incomeTax": 5142113997,
          "interestIncome": 692161411,
          "minorityInterest": 0,
          "netIncome": 25256391380,
          "netIncomeBasic": 25655165006,
          "operatingExpense": 70300908448,
          "operatingIncome": 31282812710,
          "otherIncomeExpenseNet": 0,
          "pretaxIncome": 31608274043,
          "reportDate": "2022-04-22",
          "researchAndDevelopment": 6655187706,
          "sellingGeneralAndAdmin": 6412903711,
          "symbol": "AAPL",
          "totalRevenue": 101083246190,
          "id": "CMINEO",
          "key": "APLA",
          "subkey": "quarterly",
          "date": 1648252800000,
          "updated": 1683207568125.453
        },
        {
          "costOfRevenue": 70928915621,
          "currency": "USD",
          "ebit": 43040379696,
          "filingType": "8-K",
          "fiscalDate": "2021-12-24",
          "fiscalQuarter": 1,
          "fiscalYear": 2046,
          "grossProfit": 56001265709,
          "incomeTax": 6746713801,
          "interestIncome": 0,
          "minorityInterest": 0,
          "netIncome": 34938420376,
          "netIncomeBasic": 34775527070,
          "operatingExpense": 83220387120,
          "operatingIncome": 42372084208,
          "otherIncomeExpenseNet": 0,
          "pretaxIncome": 41259815956,
          "reportDate": "2022-01-21",
          "researchAndDevelopment": 6519725723,
          "sellingGeneralAndAdmin": 6633433042,
          "symbol": "AAPL",
          "totalRevenue": 127593537632,
          "id": "IOCNME",
          "key": "APLA",
          "subkey": "quarterly",
          "date": 1640476800000,
          "updated": 1722707392261.555
        },
        {
          "costOfRevenue": 72272911413,
          "currency": "USD",
          "ebit": 41933306959,
          "filingType": "10-Q",
          "fiscalDate": "2021-12-15",
          "fiscalQuarter": 1,
          "fiscalYear": 2117,
          "grossProfit": 55372864352,
          "incomeTax": 6827960210,
          "interestIncome": 695963162,
          "minorityInterest": 0,
          "netIncome": 34644225413,
          "netIncomeBasic": 35644995888,
          "operatingExpense": 83348198270,
          "operatingIncome": 42832279213,
          "otherIncomeExpenseNet": 0,
          "pretaxIncome": 41472225075,
          "reportDate": "2022-01-23",
          "researchAndDevelopment": 6600994079,
          "sellingGeneralAndAdmin": 6554439232,
          "symbol": "AAPL",
          "totalRevenue": 124962674999,
          "id": "EMNIOC",
          "key": "APAL",
          "subkey": "quarterly",
          "date": 1640390400000,
          "updated": 1708993341950.03
        },
        {
          "costOfRevenue": 49250736550,
          "currency": "USD",
          "ebit": 24046790121,
          "filingType": "10-K",
          "fiscalDate": "2021-09-13",
          "fiscalQuarter": 4,
          "fiscalYear": 2074,
          "grossProfit": 36085554492,
          "incomeTax": 2814963478,
          "interestIncome": 697848370,
          "minorityInterest": 0,
          "netIncome": 21089290200,
          "netIncomeBasic": 21161191956,
          "operatingExpense": 62143867463,
          "operatingIncome": 24826779083,
          "otherIncomeExpenseNet": 0,
          "pretaxIncome": 23959371795,
          "reportDate": "2021-10-19",
          "researchAndDevelopment": 6036743366,
          "sellingGeneralAndAdmin": 5827119066,
          "symbol": "AAPL",
          "totalRevenue": 83865560542,
          "id": "NIEOMC",
          "key": "ALAP",
          "subkey": "quarterly",
          "date": 1632528000000,
          "updated": 1689513120798.138
        }
      ]
    }
  },
  "FB": {
    "income": {
      "symbol": "FB",
      "income": [
        {
          "costOfRevenue": 6130894037,
          "currency": "USD",
          "ebit": 8742082826,
          "filingType": "10-Q",
          "fiscalDate": "2022-03-24",
          "fiscalQuarter": 1,
          "fiscalYear": 2035,
          "grossProfit": 22342985410,
          "incomeTax": 1446139306,
          "interestIncome": -77033217,
          "minorityInterest": 0,
          "netIncome": 7512162172,
          "netIncomeBasic": 7615029417,
          "operatingExpense": 19781048599,
          "operatingIncome": 8779525297,
          "otherIncomeExpenseNet": 0,
          "pretaxIncome": 9310024643,
          "reportDate": "2022-04-22",
          "researchAndDevelopment": 7966802999,
          "sellingGeneralAndAdmin": 5888376695,
          "symbol": "FB",
          "totalRevenue": 28070493672,
          "id": "EIONCM",
          "key": "BF",
          "subkey": "quarterly",
          "date": 1648684800000,
          "updated": 1657933500803.942
        },
        {
          "costOfRevenue": 6525927318,
          "currency": "USD",
          "ebit": 12819897704,
          "filingType": "10-K",
          "fiscalDate": "2021-12-24",
          "fiscalQuarter": 4,
          "fiscalYear": 2046,
          "grossProfit": 27508527374,
          "incomeTax": 2438381764,
          "interestIncome": -102351169,
          "minorityInterest": 0,
          "netIncome": 10505495765,
          "netIncomeBasic": 10514397605,
          "operatingExpense": 21270157100,
          "operatingIncome": 12622483293,
          "otherIncomeExpenseNet": 0,
          "pretaxIncome": 12792677422,
          "reportDate": "2022-01-25",
          "researchAndDevelopment": 7185915407,
          "sellingGeneralAndAdmin": 7906289313,
          "symbol": "FB",
          "totalRevenue": 34474161836,
          "id": "MENICO",
          "key": "FB",
          "subkey": "quarterly",
          "date": 1640908800000,
          "updated": 1666904158699.819
        },
        {
          "costOfRevenue": 5854370302,
          "currency": "USD",
          "ebit": 10699763455,
          "filingType": "10-Q",
          "fiscalDate": "2021-09-29",
          "fiscalQuarter": 3,
          "fiscalYear": 2044,
          "grossProfit": 24219600878,
          "incomeTax": 1395215933,
          "interestIncome": -125685909,
          "minorityInterest": 0,
          "netIncome": 9226750285,
          "netIncomeBasic": 9315855453,
          "operatingExpense": 18749416126,
          "operatingIncome": 10693450594,
          "otherIncomeExpenseNet": 0,
          "pretaxIncome": 10710057096,
          "reportDate": "2021-10-25",
          "researchAndDevelopment": 6608270789,
          "sellingGeneralAndAdmin": 6592055299,
          "symbol": "FB",
          "totalRevenue": 29903599592,
          "id": "CMEION",
          "key": "FB",
          "subkey": "quarterly",
          "date": 1632960000000,
          "updated": 1692357393473.448
        },
        {
          "costOfRevenue": 5452697596,
          "currency": "USD",
          "ebit": 12735078359,
          "filingType": "10-Q",
          "fiscalDate": "2021-06-21",
          "fiscalQuarter": 2,
          "fiscalYear": 2119,
          "grossProfit": 23692492073,
          "incomeTax": 2131364837,
          "interestIncome": -123749512,
          "minorityInterest": 0,
          "netIncome": 10566471489,
          "netIncomeBasic": 10910346914,
          "operatingExpense": 17425352139,
          "operatingIncome": 12578528369,
          "otherIncomeExpenseNet": 0,
          "pretaxIncome": 12724564037,
          "reportDate": "2021-07-16",
          "researchAndDevelopment": 6323490337,
          "sellingGeneralAndAdmin": 5315574722,
          "symbol": "FB",
          "totalRevenue": 30484226560,
          "id": "EOCNMI",
          "key": "BF",
          "subkey": "quarterly",
          "date": 1625011200000,
          "updated": 1730873774584.594
        }
      ]
    }
  },
  "TSLA": {
    "income": {
      "symbol": "TSLA",
      "income": [
        {
          "costOfRevenue": 13841507491,
          "currency": "USD",
          "ebit": 3029062734,
          "filingType": "10-Q",
          "fiscalDate": "2022-03-29",
          "fiscalQuarter": 1,
          "fiscalYear": 2089,
          "grossProfit": 4934720302,
          "incomeTax": 346285506,
          "interestIncome": 34159106,
          "minorityInterest": -38593271,
          "netIncome": 3344000662,
          "netIncomeBasic": 3475941300,
          "operatingExpense": 15503439295,
          "operatingIncome": 2985513251,
          "otherIncomeExpenseNet": 0,
          "pretaxIncome": 3677990710,
          "reportDate": "2022-04-12",
          "researchAndDevelopment": 888466999,
          "sellingGeneralAndAdmin": 1035296956,
          "symbol": "TSLA",
          "totalRevenue": 18193179240,
          "id": "EINMOC",
          "key": "ALTS",
          "subkey": "quarterly",
          "date": 1648684800000,
          "updated": 1668087266347.943
        },
        {
          "costOfRevenue": 13100752401,
          "currency": "USD",
          "ebit": 2662873347,
          "filingType": "10-K",
          "fiscalDate": "2021-12-25",
          "fiscalQuarter": 4,
          "fiscalYear": 2099,
          "grossProfit": 4909269447,
          "incomeTax": 298972554,
          "interestIncome": 47155683,
          "minorityInterest": 17842746,
          "netIncome": 2352397636,
          "netIncomeBasic": 2423997333,
          "operatingExpense": 15658936890,
          "operatingIncome": 2671359516,
          "otherIncomeExpenseNet": 0,
          "pretaxIncome": 2731665052,
          "reportDate": "2022-02-02",
          "researchAndDevelopment": 773835067,
          "sellingGeneralAndAdmin": 1525459260,
          "symbol": "TSLA",
          "totalRevenue": 18330370946,
          "id": "MONCIE",
          "key": "ALST",
          "subkey": "quarterly",
          "date": 1640908800000,
          "updated": 1693136196568.391
        },
        {
          "costOfRevenue": 10154397955,
          "currency": "USD",
          "ebit": 2136891249,
          "filingType": "10-Q",
          "fiscalDate": "2021-09-30",
          "fiscalQuarter": 3,
          "fiscalYear": 2064,
          "grossProfit": 3765470737,
          "incomeTax": 230973217,
          "interestIncome": 116736451,
          "minorityInterest": 42814808,
          "netIncome": 1665236913,
          "netIncomeBasic": 1671560124,
          "operatingExpense": 11847840602,
          "operatingIncome": 2102861272,
          "otherIncomeExpenseNet": 0,
          "pretaxIncome": 1932815029,
          "reportDate": "2021-10-24",
          "researchAndDevelopment": 621773116,
          "sellingGeneralAndAdmin": 1007609899,
          "symbol": "TSLA",
          "totalRevenue": 13792222458,
          "id": "MCIONE",
          "key": "SALT",
          "subkey": "quarterly",
          "date": 1632960000000,
          "updated": 1721799659739.287
        },
        {
          "costOfRevenue": 9252188255,
          "currency": "USD",
          "ebit": 1379575433,
          "filingType": "10-Q",
          "fiscalDate": "2021-06-17",
          "fiscalQuarter": 2,
          "fiscalYear": 2045,
          "grossProfit": 2951401960,
          "incomeTax": 115957173,
          "interestIncome": 65061348,
          "minorityInterest": 36413715,
          "netIncome": 1197584112,
          "netIncomeBasic": 1164666823,
          "operatingExpense": 10992711680,
          "operatingIncome": 1399341080,
          "otherIncomeExpenseNet": 0,
          "pretaxIncome": 1334683600,
          "reportDate": "2021-07-24",
          "researchAndDevelopment": 576568709,
          "sellingGeneralAndAdmin": 996919730,
          "symbol": "TSLA",
          "totalRevenue": 12243553820,
          "id": "MCIENO",
          "key": "LSAT",
          "subkey": "quarterly",
          "date": 1625011200000,
          "updated": 1671401811079.448
        }
      ]
    }
  },
  "MSFT": {
    "income": {
      "symbol": "MSFT",
      "income": [
        {
          "costOfRevenue": 15739192401,
          "currency": "USD",
          "ebit": 20576193031,
          "filingType": "10-Q",
          "fiscalDate": "2022-03-24",
          "fiscalQuarter": 3,
          "fiscalYear": 2084,
          "grossProfit": 34039140970,
          "incomeTax": 3477232659,
          "interestIncome": 524536667,
          "minorityInterest": 0,
          "netIncome": 16754516999,
          "netIncomeBasic": 17411794898,
          "operatingExpense": 29795348493,
          "operatingIncome": 20986099597,
          "otherIncomeExpenseNet": 0,
          "pretaxIncome": 20974558317,
          "reportDate": "2022-04-18",
          "researchAndDevelopment": 6579991685,
          "sellingGeneralAndAdmin": 7239410527,
          "symbol": "MSFT",
          "totalRevenue": 50170001305,
          "id": "MEONCI",
          "key": "STMF",
          "subkey": "quarterly",
          "date": 1648684800000,
          "updated": 1670819845227.4543
        },
        {
          "costOfRevenue": 17412656233,
          "currency": "USD",
          "ebit": 23224232518,
          "filingType": "10-Q",
          "fiscalDate": "2021-12-18",
          "fiscalQuarter": 2,
          "fiscalYear": 2076,
          "grossProfit": 34907116321,
          "incomeTax": 3793719306,
          "interestIncome": 539215856,
          "minorityInterest": 0,
          "netIncome": 19413562045,
          "netIncomeBasic": 19627169060,
          "operatingExpense": 30689230561,
          "operatingIncome": 23050096482,
          "otherIncomeExpenseNet": 0,
          "pretaxIncome": 23515253109,
          "reportDate": "2022-01-18",
          "researchAndDevelopment": 5783627884,
          "sellingGeneralAndAdmin": 6927097167,
          "symbol": "MSFT",
          "totalRevenue": 53783684901,
          "id": "IOCNME",
          "key": "MTFS",
          "subkey": "quarterly",
          "date": 1640908800000,
          "updated": 1730361157383.2603
        },
        {
          "costOfRevenue": 13941045815,
          "currency": "USD",
          "ebit": 21212771512,
          "filingType": "10-Q",
          "fiscalDate": "2021-09-28",
          "fiscalQuarter": 1,
          "fiscalYear": 2052,
          "grossProfit": 32140464577,
          "incomeTax": 19074284,
          "interestIncome": 562649705,
          "minorityInterest": 0,
          "netIncome": 20845388430,
          "netIncomeBasic": 20557200441,
          "operatingExpense": 25923743326,
          "operatingIncome": 20693876622,
          "otherIncomeExpenseNet": 0,
          "pretaxIncome": 20974135581,
          "reportDate": "2021-10-22",
          "researchAndDevelopment": 5693467748,
          "sellingGeneralAndAdmin": 6043834934,
          "symbol": "MSFT",
          "totalRevenue": 46127012838,
          "id": "CEOINM",
          "key": "FTMS",
          "subkey": "quarterly",
          "date": 1632960000000,
          "updated": 1732229534680.3818
        },
        {
          "costOfRevenue": 14030401357,
          "currency": "USD",
          "ebit": 19589914754,
          "filingType": "10-K",
          "fiscalDate": "2021-06-27",
          "fiscalQuarter": 4,
          "fiscalYear": 2070,
          "grossProfit": 32829492835,
          "incomeTax": 3051236362,
          "interestIncome": 556242696,
          "minorityInterest": 0,
          "netIncome": 17007669507,
          "netIncomeBasic": 16493194550,
          "operatingExpense": 27517787174,
          "operatingIncome": 19327158543,
          "otherIncomeExpenseNet": 0,
          "pretaxIncome": 20344440081,
          "reportDate": "2021-07-21",
          "researchAndDevelopment": 5942314322,
          "sellingGeneralAndAdmin": 7742334722,
          "symbol": "MSFT",
          "totalRevenue": 47315808392,
          "id": "IMENCO",
          "key": "TFMS",
          "subkey": "quarterly",
          "date": 1625011200000,
          "updated": 1723229381096.4338
        }
      ]
    }
  },
  "NFLX": {
    "income": {
      "symbol": "NFLX",
      "income": [
        {
          "costOfRevenue": 4326022839,
          "currency": "USD",
          "ebit": 2031498652,
          "filingType": "10-Q",
          "fiscalDate": "2022-03-22",
          "fiscalQuarter": 1,
          "fiscalYear": 2053,
          "grossProfit": 3730075205,
          "incomeTax": 398337258,
          "interestIncome": 189060279,
          "minorityInterest": 0,
          "netIncome": 1665935360,
          "netIncomeBasic": 1602718977,
          "operatingExpense": 5915352671,
          "operatingIncome": 2011115824,
          "otherIncomeExpenseNet": 0,
          "pretaxIncome": 1984182415,
          "reportDate": "2022-04-17",
          "researchAndDevelopment": 688436054,
          "sellingGeneralAndAdmin": 963781836,
          "symbol": "NFLX",
          "totalRevenue": 7868769897,
          "id": "MEICNO",
          "key": "LFNX",
          "subkey": "quarterly",
          "date": 1648684800000,
          "updated": 1723703523401.7124
        },
        {
          "costOfRevenue": 5343688076,
          "currency": "USD",
          "ebit": 652831676,
          "filingType": "10-K",
          "fiscalDate": "2021-12-30",
          "fiscalQuarter": 4,
          "fiscalYear": 2088,
          "grossProfit": 2491576221,
          "incomeTax": -58162595,
          "interestIncome": 195388301,
          "minorityInterest": 0,
          "netIncome": 619453671,
          "netIncomeBasic": 608113622,
          "operatingExpense": 7234609836,
          "operatingIncome": 657345833,
          "otherIncomeExpenseNet": 0,
          "pretaxIncome": 575791280,
          "reportDate": "2022-01-13",
          "researchAndDevelopment": 663280821,
          "sellingGeneralAndAdmin": 1222998659,
          "symbol": "NFLX",
          "totalRevenue": 8021289144,
          "id": "MNECIO",
          "key": "XLFN",
          "subkey": "quarterly",
          "date": 1640908800000,
          "updated": 1653999092911.239
        },
        {
          "costOfRevenue": 4359978740,
          "currency": "USD",
          "ebit": 1827872694,
          "filingType": "10-Q",
          "fiscalDate": "2021-09-18",
          "fiscalQuarter": 3,
          "fiscalYear": 2057,
          "grossProfit": 3286668168,
          "incomeTax": 214213002,
          "interestIncome": 199763171,
          "minorityInterest": 0,
          "netIncome": 1505562060,
          "netIncomeBasic": 1506829325,
          "operatingExpense": 5756712465,
          "operatingIncome": 1832801147,
          "otherIncomeExpenseNet": 0,
          "pretaxIncome": 1690741382,
          "reportDate": "2021-10-09",
          "researchAndDevelopment": 575389592,
          "sellingGeneralAndAdmin": 990244832,
          "symbol": "NFLX",
          "totalRevenue": 7483687249,
          "id": "NCOEMI",
          "key": "XFLN",
          "subkey": "quarterly",
          "date": 1632960000000,
          "updated": 1718047344785.9695
        },
        {
          "costOfRevenue": 4118217618,
          "currency": "USD",
          "ebit": 1917425925,
          "filingType": "10-Q",
          "fiscalDate": "2021-06-22",
          "fiscalQuarter": 2,
          "fiscalYear": 2102,
          "grossProfit": 3326626377,
          "incomeTax": 242811058,
          "interestIncome": 192516097,
          "minorityInterest": 0,
          "netIncome": 1368998466,
          "netIncomeBasic": 1388582897,
          "operatingExpense": 5761170085,
          "operatingIncome": 1879872707,
          "otherIncomeExpenseNet": 0,
          "pretaxIncome": 1616921163,
          "reportDate": "2021-07-22",
          "researchAndDevelopment": 544352564,
          "sellingGeneralAndAdmin": 947450210,
          "symbol": "NFLX",
          "totalRevenue": 7559447754,
          "id": "ECNMOI",
          "key": "FXNL",
          "subkey": "quarterly",
          "date": 1625011200000,
          "updated": 1711155012557.6912
        }
      ]
    }
  },
  "APPS": {
    "income": {
      "symbol": "APPS",
      "income": [
        {
          "costOfRevenue": 283153341,
          "currency": "USD",
          "ebit": 29968676,
          "filingType": "10-Q",
          "fiscalDate": "2021-12-25",
          "fiscalQuarter": 3,
          "fiscalYear": 2105,
          "grossProfit": 103575154,
          "incomeTax": 3877375,
          "interestIncome": 1970077,
          "minorityInterest": 48098,
          "netIncome": 7093751,
          "netIncomeBasic": 7233701,
          "operatingExpense": 347807597,
          "operatingIncome": 30547478,
          "otherIncomeExpenseNet": 0,
          "pretaxIncome": 10872158,
          "reportDate": "2022-02-04",
          "researchAndDevelopment": 18553644,
          "sellingGeneralAndAdmin": 56972691,
          "symbol": "APPS",
          "totalRevenue": 393871760,
          "id": "OCENMI",
          "key": "PSPA",
          "subkey": "quarterly",
          "date": 1640908800000,
          "updated": 1722402806564.5686
        },
        {
          "costOfRevenue": 222285413,
          "currency": "USD",
          "ebit": 16839022,
          "filingType": "10-Q",
          "fiscalDate": "2021-09-19",
          "fiscalQuarter": 2,
          "fiscalYear": 2116,
          "grossProfit": 95784159,
          "incomeTax": -2441595,
          "interestIncome": 1736551,
          "minorityInterest": -36039,
          "netIncome": -5961316,
          "netIncomeBasic": -5929171,
          "operatingExpense": 303675739,
          "operatingIncome": 17242612,
          "otherIncomeExpenseNet": 0,
          "pretaxIncome": -8562068,
          "reportDate": "2021-10-29",
          "researchAndDevelopment": 18159155,
          "sellingGeneralAndAdmin": 59708577,
          "symbol": "APPS",
          "totalRevenue": 310354833,
          "id": "OCMENI",
          "key": "PAPS",
          "subkey": "quarterly",
          "date": 1632960000000,
          "updated": 1728604516793.9653
        },
        {
          "costOfRevenue": 147923005,
          "currency": "USD",
          "ebit": 19903039,
          "filingType": "10-Q",
          "fiscalDate": "2021-06-18",
          "fiscalQuarter": 1,
          "fiscalYear": 2072,
          "grossProfit": 73781612,
          "incomeTax": 3437835,
          "interestIncome": 922348,
          "minorityInterest": -32086,
          "netIncome": 14362300,
          "netIncomeBasic": 14676584,
          "operatingExpense": 202265598,
          "operatingIncome": 19231212,
          "otherIncomeExpenseNet": 0,
          "pretaxIncome": 18152829,
          "reportDate": "2021-08-07",
          "researchAndDevelopment": 15731821,
          "sellingGeneralAndAdmin": 37684637,
          "symbol": "APPS",
          "totalRevenue": 222149461,
          "id": "CINOME",
          "key": "PPSA",
          "subkey": "quarterly",
          "date": 1625011200000,
          "updated": 1690195654740.0579
        },
        {
          "costOfRevenue": 58131636,
          "currency": "USD",
          "ebit": 16491593,
          "filingType": "10-K",
          "fiscalDate": "2021-03-17",
          "fiscalQuarter": 4,
          "fiscalYear": 2041,
          "grossProfit": 40900666,
          "incomeTax": -15424720,
          "interestIncome": 146806,
          "minorityInterest": 0,
          "netIncome": 31092833,
          "netIncomeBasic": 30484429,
          "operatingExpense": 79673259,
          "operatingIncome": 16265640,
          "otherIncomeExpenseNet": 0,
          "pretaxIncome": 15662355,
          "reportDate": "2021-06-04",
          "researchAndDevelopment": 6366438,
          "sellingGeneralAndAdmin": 17078262,
          "symbol": "APPS",
          "totalRevenue": 98822486,
          "id": "INOMEC",
          "key": "PSAP",
          "subkey": "quarterly",
          "date": 1617148800000,
          "updated": 1692571113758.282
        }
      ]
    }
  },
  "NOW": {
    "income": {
      "symbol": "NOW",
      "income": [
        {
          "costOfRevenue": 380070461,
          "currency": "USD",
          "ebit": 90697079,
          "filingType": "10-Q",
          "fiscalDate": "2022-03-18",
          "fiscalQuarter": 1,
          "fiscalYear": 2107,
          "grossProfit": 1400741350,
          "incomeTax": 10440675,
          "interestIncome": 6240637,
          "minorityInterest": 0,
          "netIncome": 77277144,
          "netIncomeBasic": 77395121,
          "operatingExpense": 1646107216,
          "operatingIncome": 87533254,
          "otherIncomeExpenseNet": 0,
          "pretaxIncome": 85386308,
          "reportDate": "2022-04-18",
          "researchAndDevelopment": 427996867,
          "sellingGeneralAndAdmin": 853443643,
          "symbol": "NOW",
          "totalRevenue": 1763188606,
          "id": "NOICEM",
          "key": "WNO",
          "subkey": "quarterly",
          "date": 1648684800000,
          "updated": 1685490734219.19
        },
        {
          "costOfRevenue": 384144310,
          "currency": "USD",
          "ebit": 35426938,
          "filingType": "10-K",
          "fiscalDate": "2021-12-31",
          "fiscalQuarter": 4,
          "fiscalYear": 2037,
          "grossProfit": 1301597433,
          "incomeTax": 6166052,
          "interestIncome": 7171532,
          "minorityInterest": 0,
          "netIncome": 26187558,
          "netIncomeBasic": 27283114,
          "operatingExpense": 1657389782,
          "operatingIncome": 36475624,
          "otherIncomeExpenseNet": 0,
          "pretaxIncome": 32336359,
          "reportDate": "2022-01-28",
          "researchAndDevelopment": 411033493,
          "sellingGeneralAndAdmin": 832800571,
          "symbol": "NOW",
          "totalRevenue": 1653176695,
          "id": "IOENMC",
          "key": "WON",
          "subkey": "quarterly",
          "date": 1640908800000,
          "updated": 1665210529801.2
        },
        {
          "costOfRevenue": 367219985,
          "currency": "USD",
          "ebit": 74146333,
          "filingType": "10-Q",
          "fiscalDate": "2021-09-26",
          "fiscalQuarter": 3,
          "fiscalYear": 2078,
          "grossProfit": 1177202486,
          "incomeTax": 5133324,
          "interestIncome": 7324397,
          "minorityInterest": 0,
          "netIncome": 66149140,
          "netIncomeBasic": 63358884,
          "operatingExpense": 1506179060,
          "operatingIncome": 77101194,
          "otherIncomeExpenseNet": 0,
          "pretaxIncome": 68853763,
          "reportDate": "2021-10-18",
          "researchAndDevelopment": 361648232,
          "sellingGeneralAndAdmin": 757890529,
          "symbol": "NOW",
          "totalRevenue": 1582836402,
          "id": "ICMEON",
          "key": "WNO",
          "subkey": "quarterly",
          "date": 1632960000000,
          "updated": 1659408761240.51
        },
        {
          "costOfRevenue": 333564942,
          "currency": "USD",
          "ebit": 52981078,
          "filingType": "10-Q",
          "fiscalDate": "2021-06-22",
          "fiscalQuarter": 2,
          "fiscalYear": 2022,
          "grossProfit": 1109759853,
          "incomeTax": -9370956,
          "interestIncome": 7337601,
          "minorityInterest": 0,
          "netIncome": 60261436,
          "netIncomeBasic": 61298277,
          "operatingExpense": 1422989135,
          "operatingIncome": 53019694,
          "otherIncomeExpenseNet": 0,
          "pretaxIncome": 51308822,
          "reportDate": "2021-07-25",
          "researchAndDevelopment": 344431954,
          "sellingGeneralAndAdmin": 720333751,
          "symbol": "NOW",
          "totalRevenue": 1476614273,
          "id": "INCEMO",
          "key": "ONW",
          "subkey": "quarterly",
          "date": 1625011200000,
          "updated": 1719237859161.96
        }
      ]
    }
  },
  "TEAM": {
    "income": {
      "symbol": "TEAM",
      "income": [
        {
          "costOfRevenue": 124440449,
          "currency": "USD",
          "ebit": -16550982,
          "filingType": "6-K",
          "fiscalDate": "2022-03-25",
          "fiscalQuarter": 3,
          "fiscalYear": 2093,
          "grossProfit": 627191482,
          "incomeTax": 533766,
          "interestIncome": 5639929,
          "minorityInterest": 0,
          "netIncome": -32525108,
          "netIncomeBasic": -32079432,
          "operatingExpense": 784429775,
          "operatingIncome": -16524608,
          "otherIncomeExpenseNet": 0,
          "pretaxIncome": -31875869,
          "reportDate": "2022-04-26",
          "researchAndDevelopment": 370451120,
          "sellingGeneralAndAdmin": 280763468,
          "symbol": "TEAM",
          "totalRevenue": 768363315,
          "id": "EOCNMI",
          "key": "MEAT",
          "subkey": "quarterly",
          "date": 1648684800000,
          "updated": 1682948920236.605
        },
        {
          "costOfRevenue": 117112205,
          "currency": "USD",
          "ebit": -68091181,
          "filingType": "6-K",
          "fiscalDate": "2021-12-23",
          "fiscalQuarter": 2,
          "fiscalYear": 2072,
          "grossProfit": 600921079,
          "incomeTax": 4629562,
          "interestIncome": 6118901,
          "minorityInterest": 0,
          "netIncome": -77540415,
          "netIncomeBasic": -78072547,
          "operatingExpense": 776470903,
          "operatingIncome": -69682228,
          "otherIncomeExpenseNet": 0,
          "pretaxIncome": -73412498,
          "reportDate": "2022-01-19",
          "researchAndDevelopment": 379847170,
          "sellingGeneralAndAdmin": 271065037,
          "symbol": "TEAM",
          "totalRevenue": 699589414,
          "id": "CEMNOI",
          "key": "AMTE",
          "subkey": "quarterly",
          "date": 1640908800000,
          "updated": 1711432137467.309
        },
        {
          "costOfRevenue": 98660983,
          "currency": "USD",
          "ebit": 40823081,
          "filingType": "6-K",
          "fiscalDate": "2021-09-21",
          "fiscalQuarter": 1,
          "fiscalYear": 2104,
          "grossProfit": 519304015,
          "incomeTax": 8228252,
          "interestIncome": 7095167,
          "minorityInterest": 0,
          "netIncome": -402771630,
          "netIncomeBasic": -401718724,
          "operatingExpense": 593458270,
          "operatingIncome": 41476229,
          "otherIncomeExpenseNet": 0,
          "pretaxIncome": -392863397,
          "reportDate": "2021-10-18",
          "researchAndDevelopment": 285644777,
          "sellingGeneralAndAdmin": 199732667,
          "symbol": "TEAM",
          "totalRevenue": 637105164,
          "id": "IEMNOC",
          "key": "MEAT",
          "subkey": "quarterly",
          "date": 1632960000000,
          "updated": 1733561590418.597
        },
        {
          "costOfRevenue": 98011083,
          "currency": "USD",
          "ebit": -7544483,
          "filingType": "20-F",
          "fiscalDate": "2021-06-26",
          "fiscalQuarter": 4,
          "fiscalYear": 2039,
          "grossProfit": 484494105,
          "incomeTax": -956578,
          "interestIncome": 7441215,
          "minorityInterest": 0,
          "netIncome": -213587336,
          "netIncomeBasic": -218685312,
          "operatingExpense": 567956026,
          "operatingIncome": -7750476,
          "otherIncomeExpenseNet": 0,
          "pretaxIncome": -222451773,
          "reportDate": "2021-08-04",
          "researchAndDevelopment": 249307196,
          "sellingGeneralAndAdmin": 225789570,
          "symbol": "TEAM",
          "totalRevenue": 566374140,
          "id": "ONEMCI",
          "key": "EATM",
          "subkey": "quarterly",
          "date": 1625011200000,
          "updated": 1725374105047.612
        }
      ]
    }
  },
  "KO": {
    "income": {
      "symbol": "KO",
      "income": [
        {
          "costOfRevenue": 4268976762,
          "currency": "USD",
          "ebit": 3752487210,
          "filingType": "10-Q",
          "fiscalDate": "2022-03-29",
          "fiscalQuarter": 1,
          "fiscalYear": 2072,
          "grossProfit": 6469008560,
          "incomeTax": 685103035,
          "interestIncome": 108070763,
          "minorityInterest": 12354938,
          "netIncome": 2845541910,
          "netIncomeBasic": 2916850525,
          "operatingExpense": 7105286085,
          "operatingIncome": 3545614609,
          "otherIncomeExpenseNet": 0,
          "pretaxIncome": 3475272741,
          "reportDate": "2022-04-23",
          "researchAndDevelopment": 0,
          "sellingGeneralAndAdmin": 3030441243,
          "symbol": "KO",
          "totalRevenue": 10519670639,
          "id": "ICNMOE",
          "key": "KO",
          "subkey": "quarterly",
          "date": 1648771200000,
          "updated": 1702724717713.8562
        },
        {
          "costOfRevenue": 4247953088,
          "currency": "USD",
          "ebit": 2453674811,
          "filingType": "10-K",
          "fiscalDate": "2021-12-19",
          "fiscalQuarter": 4,
          "fiscalYear": 2069,
          "grossProfit": 5497625066,
          "incomeTax": 516520475,
          "interestIncome": 94530723,
          "minorityInterest": 37476269,
          "netIncome": 2429589976,
          "netIncomeBasic": 2444915316,
          "operatingExpense": 7747403620,
          "operatingIncome": 2112979555,
          "otherIncomeExpenseNet": 0,
          "pretaxIncome": 3092932029,
          "reportDate": "2022-02-14",
          "researchAndDevelopment": 0,
          "sellingGeneralAndAdmin": 3450234437,
          "symbol": "KO",
          "totalRevenue": 9836702111,
          "id": "ENOICM",
          "key": "OK",
          "subkey": "quarterly",
          "date": 1640908800000,
          "updated": 1705064335253.4272
        },
        {
          "costOfRevenue": 3999066666,
          "currency": "USD",
          "ebit": 3515334203,
          "filingType": "10-Q",
          "fiscalDate": "2021-09-23",
          "fiscalQuarter": 3,
          "fiscalYear": 2117,
          "grossProfit": 6158588112,
          "incomeTax": 610681559,
          "interestIncome": 143891353,
          "minorityInterest": 4155192,
          "netIncome": 2575685002,
          "netIncomeBasic": 2481446951,
          "operatingExpense": 7204970220,
          "operatingIncome": 2973350179,
          "otherIncomeExpenseNet": 0,
          "pretaxIncome": 3146227563,
          "reportDate": "2021-10-20",
          "researchAndDevelopment": 0,
          "sellingGeneralAndAdmin": 3213398670,
          "symbol": "KO",
          "totalRevenue": 10162345651,
          "id": "CEOIMN",
          "key": "OK",
          "subkey": "quarterly",
          "date": 1633046400000,
          "updated": 1682142776329.999
        },
        {
          "costOfRevenue": 3893503527,
          "currency": "USD",
          "ebit": 3795615094,
          "filingType": "10-Q",
          "fiscalDate": "2021-06-21",
          "fiscalQuarter": 2,
          "fiscalYear": 2030,
          "grossProfit": 6487795378,
          "incomeTax": 1039546740,
          "interestIncome": 736719634,
          "minorityInterest": -17299493,
          "netIncome": 2759472306,
          "netIncomeBasic": 2692798067,
          "operatingExpense": 6978932859,
          "operatingIncome": 3469155657,
          "otherIncomeExpenseNet": 0,
          "pretaxIncome": 3619160509,
          "reportDate": "2021-07-13",
          "researchAndDevelopment": 0,
          "sellingGeneralAndAdmin": 3159956752,
          "symbol": "KO",
          "totalRevenue": 10147426442,
          "id": "OMICEN",
          "key": "KO",
          "subkey": "quarterly",
          "date": 1625184000000,
          "updated": 1662626002206.5803
        }
      ]
    }
  },
  "RBLX": {
    "income": {
      "symbol": "RBLX",
      "income": [
        {
          "costOfRevenue": 140741712,
          "currency": "USD",
          "ebit": -156457396,
          "filingType": "10-Q",
          "fiscalDate": "2022-03-27",
          "fiscalQuarter": 1,
          "fiscalYear": 2023,
          "grossProfit": 407358836,
          "incomeTax": 288035,
          "interestIncome": 9898873,
          "minorityInterest": -1904884,
          "netIncome": -161116268,
          "netIncomeBasic": -161406818,
          "operatingExpense": 698340664,
          "operatingIncome": -153872193,
          "otherIncomeExpenseNet": 0,
          "pretaxIncome": -162207851,
          "reportDate": "2022-04-27",
          "researchAndDevelopment": 183851902,
          "sellingGeneralAndAdmin": 88701631,
          "symbol": "RBLX",
          "totalRevenue": 550329979,
          "id": "IONCEM",
          "key": "XBRL",
          "subkey": "quarterly",
          "date": 1648684800000,
          "updated": 1688144888397.82
        },
        {
          "costOfRevenue": 156992374,
          "currency": "USD",
          "ebit": -140824728,
          "filingType": "10-K",
          "fiscalDate": "2021-12-23",
          "fiscalQuarter": 4,
          "fiscalYear": 2119,
          "grossProfit": 427178150,
          "incomeTax": 687576,
          "interestIncome": 7101206,
          "minorityInterest": -4063965,
          "netIncome": -149262620,
          "netIncomeBasic": -150322236,
          "operatingExpense": 726620855,
          "operatingIncome": -146548749,
          "otherIncomeExpenseNet": 0,
          "pretaxIncome": -147678823,
          "reportDate": "2022-02-16",
          "researchAndDevelopment": 173872770,
          "sellingGeneralAndAdmin": 90066052,
          "symbol": "RBLX",
          "totalRevenue": 577432413,
          "id": "CENMIO",
          "key": "LBRX",
          "subkey": "quarterly",
          "date": 1640908800000,
          "updated": 1703941456465.451
        },
        {
          "costOfRevenue": 135173056,
          "currency": "USD",
          "ebit": -79739821,
          "filingType": "10-Q",
          "fiscalDate": "2021-09-26",
          "fiscalQuarter": 3,
          "fiscalYear": 2094,
          "grossProfit": 394011085,
          "incomeTax": -1022651,
          "interestIncome": -29152,
          "minorityInterest": -3330179,
          "netIncome": -74507208,
          "netIncomeBasic": -74472397,
          "operatingExpense": 612605804,
          "operatingIncome": -78447765,
          "otherIncomeExpenseNet": 0,
          "pretaxIncome": -81842268,
          "reportDate": "2021-10-29",
          "researchAndDevelopment": 139561365,
          "sellingGeneralAndAdmin": 71605138,
          "symbol": "RBLX",
          "totalRevenue": 523673832,
          "id": "EONICM",
          "key": "LRBX",
          "subkey": "quarterly",
          "date": 1632960000000,
          "updated": 1727152201883.205
        },
        {
          "costOfRevenue": 120283434,
          "currency": "USD",
          "ebit": -147503048,
          "filingType": "10-Q",
          "fiscalDate": "2021-06-27",
          "fiscalQuarter": 2,
          "fiscalYear": 2077,
          "grossProfit": 345284458,
          "incomeTax": 20707,
          "interestIncome": -26416,
          "minorityInterest": -2843842,
          "netIncome": -140631955,
          "netIncomeBasic": -141289716,
          "operatingExpense": 620321921,
          "operatingIncome": -148304671,
          "otherIncomeExpenseNet": 0,
          "pretaxIncome": -147675361,
          "reportDate": "2021-08-13",
          "researchAndDevelopment": 129360220,
          "sellingGeneralAndAdmin": 117689554,
          "symbol": "RBLX",
          "totalRevenue": 464336768,
          "id": "EONCMI",
          "key": "XBLR",
          "subkey": "quarterly",
          "date": 1625011200000,
          "updated": 1686510184693.004
        }
      ]
    }
  },
  "AMZN": {
    "income": {
      "symbol": "AMZN",
      "income": [
        {
          "costOfRevenue": 69696979736,
          "currency": "USD",
          "ebit": 3753568787,
          "filingType": "10-Q",
          "fiscalDate": "2022-03-26",
          "fiscalQuarter": 1,
          "fiscalYear": 2109,
          "grossProfit": 50573550676,
          "incomeTax": -1452880701,
          "interestIncome": 374944766,
          "minorityInterest": 0,
          "netIncome": -4027901044,
          "netIncomeBasic": -3916036018,
          "operatingExpense": 117264423986,
          "operatingIncome": 3686271579,
          "otherIncomeExpenseNet": 0,
          "pretaxIncome": -5492562247,
          "reportDate": "2022-04-28",
          "researchAndDevelopment": 0,
          "sellingGeneralAndAdmin": 11037232091,
          "symbol": "AMZN",
          "totalRevenue": 120051893841,
          "id": "CNMOIE",
          "key": "MZAN",
          "subkey": "quarterly",
          "date": 1648684800000,
          "updated": 1699454430294.17
        },
        {
          "costOfRevenue": 83290971840,
          "currency": "USD",
          "ebit": 3503418596,
          "filingType": "10-K",
          "fiscalDate": "2021-12-28",
          "fiscalQuarter": 4,
          "fiscalYear": 2047,
          "grossProfit": 57098979702,
          "incomeTax": 628385259,
          "interestIncome": 372505480,
          "minorityInterest": 0,
          "netIncome": 14569803616,
          "netIncomeBasic": 14510346458,
          "operatingExpense": 135340835227,
          "operatingIncome": 3591208341,
          "otherIncomeExpenseNet": -11148262,
          "pretaxIncome": 15604811578,
          "reportDate": "2022-01-26",
          "researchAndDevelopment": 0,
          "sellingGeneralAndAdmin": 13520175960,
          "symbol": "AMZN",
          "totalRevenue": 143095424463,
          "id": "MENOIC",
          "key": "NMZA",
          "subkey": "quarterly",
          "date": 1640908800000,
          "updated": 1685807928301.32
        },
        {
          "costOfRevenue": 66037969966,
          "currency": "USD",
          "ebit": 4984264729,
          "filingType": "10-Q",
          "fiscalDate": "2021-09-17",
          "fiscalQuarter": 3,
          "fiscalYear": 2051,
          "grossProfit": 49831531758,
          "incomeTax": 1174480585,
          "interestIncome": 375327808,
          "minorityInterest": 0,
          "netIncome": 3310030499,
          "netIncomeBasic": 3186897465,
          "operatingExpense": 106159250861,
          "operatingIncome": 5078932584,
          "otherIncomeExpenseNet": 11261565,
          "pretaxIncome": 4509823973,
          "reportDate": "2021-10-18",
          "researchAndDevelopment": 0,
          "sellingGeneralAndAdmin": 10212323726,
          "symbol": "AMZN",
          "totalRevenue": 112760093239,
          "id": "IMNOEC",
          "key": "ZANM",
          "subkey": "quarterly",
          "date": 1632960000000,
          "updated": 1662644844938.36
        },
        {
          "costOfRevenue": 67316291630,
          "currency": "USD",
          "ebit": 7965012189,
          "filingType": "10-Q",
          "fiscalDate": "2021-06-17",
          "fiscalQuarter": 2,
          "fiscalYear": 2079,
          "grossProfit": 51148664458,
          "incomeTax": 877837387,
          "interestIncome": 341489557,
          "minorityInterest": 0,
          "netIncome": 7837382389,
          "netIncomeBasic": 7860857399,
          "operatingExpense": 106299231445,
          "operatingIncome": 7870650714,
          "otherIncomeExpenseNet": 0,
          "pretaxIncome": 9058843664,
          "reportDate": "2021-07-21",
          "researchAndDevelopment": 0,
          "sellingGeneralAndAdmin": 10106379743,
          "symbol": "AMZN",
          "totalRevenue": 118406600890,
          "id": "ENIMCO",
          "key": "AMNZ",
          "subkey": "quarterly",
          "date": 1625011200000,
          "updated": 1653783316137.13
        }
      ]
    }
  },
  "VEEV": {
    "income": {
      "symbol": "VEEV",
      "income": [
        {
          "costOfRevenue": 141676475,
          "currency": "USD",
          "ebit": 124955180,
          "filingType": "10-K",
          "fiscalDate": "2022-01-24",
          "fiscalQuarter": 4,
          "fiscalYear": 2052,
          "grossProfit": 366078780,
          "incomeTax": 22649906,
          "interestIncome": -15225613,
          "minorityInterest": 0,
          "netIncome": 99282353,
          "netIncomeBasic": 99635422,
          "operatingExpense": 377835541,
          "operatingIncome": 121758588,
          "otherIncomeExpenseNet": 0,
          "pretaxIncome": 120459266,
          "reportDate": "2022-03-25",
          "researchAndDevelopment": 105703418,
          "sellingGeneralAndAdmin": 128654350,
          "symbol": "VEEV",
          "totalRevenue": 504794643,
          "id": "CEMNIO",
          "key": "EVEV",
          "subkey": "quarterly",
          "date": 1643587200000,
          "updated": 1673236673453.905
        },
        {
          "costOfRevenue": 134919673,
          "currency": "USD",
          "ebit": 138453627,
          "filingType": "10-Q",
          "fiscalDate": "2021-10-17",
          "fiscalQuarter": 3,
          "fiscalYear": 2122,
          "grossProfit": 363167733,
          "incomeTax": 28362947,
          "interestIncome": 0,
          "minorityInterest": 0,
          "netIncome": 106452485,
          "netIncomeBasic": 109686432,
          "operatingExpense": 356465306,
          "operatingIncome": 132892670,
          "otherIncomeExpenseNet": 0,
          "pretaxIncome": 139001824,
          "reportDate": "2021-11-30",
          "researchAndDevelopment": 99654243,
          "sellingGeneralAndAdmin": 117005426,
          "symbol": "VEEV",
          "totalRevenue": 482498343,
          "id": "CEMION",
          "key": "VEVE",
          "subkey": "quarterly",
          "date": 1635638400000,
          "updated": 1721728984840.359
        },
        {
          "costOfRevenue": 124267714,
          "currency": "USD",
          "ebit": 129287946,
          "filingType": "10-Q",
          "fiscalDate": "2021-07-19",
          "fiscalQuarter": 2,
          "fiscalYear": 2121,
          "grossProfit": 347645349,
          "incomeTax": 17550394,
          "interestIncome": 0,
          "minorityInterest": 0,
          "netIncome": 112016231,
          "netIncomeBasic": 113557836,
          "operatingExpense": 332614510,
          "operatingIncome": 125736935,
          "otherIncomeExpenseNet": 0,
          "pretaxIncome": 128464538,
          "reportDate": "2021-09-02",
          "researchAndDevelopment": 98490901,
          "sellingGeneralAndAdmin": 118919372,
          "symbol": "VEEV",
          "totalRevenue": 467623421,
          "id": "OCMNIE",
          "key": "EVVE",
          "subkey": "quarterly",
          "date": 1627689600000,
          "updated": 1723867036737.053
        },
        {
          "costOfRevenue": 117945106,
          "currency": "USD",
          "ebit": 132317157,
          "filingType": "10-Q",
          "fiscalDate": "2021-04-24",
          "fiscalQuarter": 1,
          "fiscalYear": 2093,
          "grossProfit": 331686917,
          "incomeTax": 17613164,
          "interestIncome": 0,
          "minorityInterest": 0,
          "netIncome": 120645361,
          "netIncomeBasic": 116348270,
          "operatingExpense": 317528579,
          "operatingIncome": 130642159,
          "otherIncomeExpenseNet": 0,
          "pretaxIncome": 135532519,
          "reportDate": "2021-05-30",
          "researchAndDevelopment": 85300195,
          "sellingGeneralAndAdmin": 110580199,
          "symbol": "VEEV",
          "totalRevenue": 440737370,
          "id": "CNIMEO",
          "key": "VVEE",
          "subkey": "quarterly",
          "date": 1619740800000,
          "updated": 1690801755026.782
        }
      ]
    }
  },
  "BAND": {
    "income": {
      "symbol": "BAND",
      "income": [
        {
          "costOfRevenue": 78415637,
          "currency": "USD",
          "ebit": -7207503,
          "filingType": "10-Q",
          "fiscalDate": "2022-03-29",
          "fiscalQuarter": 1,
          "fiscalYear": 2060,
          "grossProfit": 55789524,
          "incomeTax": 180356,
          "interestIncome": 0,
          "minorityInterest": 0,
          "netIncome": -7124595,
          "netIncomeBasic": -7011230,
          "operatingExpense": 143029064,
          "operatingIncome": -6964214,
          "otherIncomeExpenseNet": 0,
          "pretaxIncome": -6819192,
          "reportDate": "2022-04-24",
          "researchAndDevelopment": 22429884,
          "sellingGeneralAndAdmin": 39991282,
          "symbol": "BAND",
          "totalRevenue": 131599507,
          "id": "EOMNIC",
          "key": "NDBA",
          "subkey": "quarterly",
          "date": 1648684800000,
          "updated": 1697716850328.198
        },
        {
          "costOfRevenue": 75132468,
          "currency": "USD",
          "ebit": -4193837,
          "filingType": "10-K",
          "fiscalDate": "2021-12-18",
          "fiscalQuarter": 4,
          "fiscalYear": 2052,
          "grossProfit": 54241549,
          "incomeTax": -4212473,
          "interestIncome": 29264592,
          "minorityInterest": 0,
          "netIncome": -8513358,
          "netIncomeBasic": -8227908,
          "operatingExpense": 132513523,
          "operatingIncome": -4216697,
          "otherIncomeExpenseNet": 0,
          "pretaxIncome": -12349436,
          "reportDate": "2022-02-17",
          "researchAndDevelopment": 16111250,
          "sellingGeneralAndAdmin": 43795986,
          "symbol": "BAND",
          "totalRevenue": 131098350,
          "id": "MEINCO",
          "key": "DNBA",
          "subkey": "quarterly",
          "date": 1640908800000,
          "updated": 1734169868959.107
        },
        {
          "costOfRevenue": 74688716,
          "currency": "USD",
          "ebit": 984179,
          "filingType": "10-Q",
          "fiscalDate": "2021-09-25",
          "fiscalQuarter": 3,
          "fiscalYear": 2119,
          "grossProfit": 60613082,
          "incomeTax": 319773,
          "interestIncome": 0,
          "minorityInterest": 0,
          "netIncome": -7045210,
          "netIncomeBasic": -7226296,
          "operatingExpense": 132378116,
          "operatingIncome": 964270,
          "otherIncomeExpenseNet": 0,
          "pretaxIncome": -6839718,
          "reportDate": "2021-10-31",
          "researchAndDevelopment": 13536980,
          "sellingGeneralAndAdmin": 45125272,
          "symbol": "BAND",
          "totalRevenue": 132729995,
          "id": "EMIOCN",
          "key": "BNDA",
          "subkey": "quarterly",
          "date": 1632960000000,
          "updated": 1705022626066.484
        },
        {
          "costOfRevenue": 66426843,
          "currency": "USD",
          "ebit": 954279,
          "filingType": "10-Q",
          "fiscalDate": "2021-06-16",
          "fiscalQuarter": 2,
          "fiscalYear": 2066,
          "grossProfit": 54630832,
          "incomeTax": 283485,
          "interestIncome": 0,
          "minorityInterest": 0,
          "netIncome": -6985317,
          "netIncomeBasic": -7258269,
          "operatingExpense": 122538088,
          "operatingIncome": 979053,
          "otherIncomeExpenseNet": 0,
          "pretaxIncome": -6910108,
          "reportDate": "2021-07-25",
          "researchAndDevelopment": 13034342,
          "sellingGeneralAndAdmin": 42325628,
          "symbol": "BAND",
          "totalRevenue": 121860249,
          "id": "CMIONE",
          "key": "BAND",
          "subkey": "quarterly",
          "date": 1625011200000,
          "updated": 1655719609800.344
        }
      ]
    }
  },
  "PYPL": {
    "income": {
      "symbol": "PYPL",
      "income": [
        {
          "costOfRevenue": 0,
          "currency": "USD",
          "ebit": 754616151,
          "filingType": "10-Q",
          "fiscalDate": "2022-03-26",
          "fiscalQuarter": 1,
          "fiscalYear": 2061,
          "grossProfit": 6628566448,
          "incomeTax": 122621711,
          "interestIncome": 45281680,
          "minorityInterest": 0,
          "netIncome": 532409531,
          "netIncomeBasic": 514441141,
          "operatingExpense": 5816516396,
          "operatingIncome": 782643229,
          "otherIncomeExpenseNet": 0,
          "pretaxIncome": 630563264,
          "reportDate": "2022-04-23",
          "researchAndDevelopment": 844895896,
          "sellingGeneralAndAdmin": 1243639442,
          "symbol": "PYPL",
          "totalRevenue": 6791612717,
          "id": "INEMOC",
          "key": "YLPP",
          "subkey": "quarterly",
          "date": 1648684800000,
          "updated": 1720358892474.814
        },
        {
          "costOfRevenue": 0,
          "currency": "USD",
          "ebit": 1069640631,
          "filingType": "10-K",
          "fiscalDate": "2021-12-22",
          "fiscalQuarter": 4,
          "fiscalYear": 2052,
          "grossProfit": 7137821974,
          "incomeTax": -98489556,
          "interestIncome": 46445322,
          "minorityInterest": 0,
          "netIncome": 809649197,
          "netIncomeBasic": 802534346,
          "operatingExpense": 6117337186,
          "operatingIncome": 1103182343,
          "otherIncomeExpenseNet": 0,
          "pretaxIncome": 716036316,
          "reportDate": "2022-01-20",
          "researchAndDevelopment": 797671309,
          "sellingGeneralAndAdmin": 1258837648,
          "symbol": "PYPL",
          "totalRevenue": 6968920618,
          "id": "ONIECM",
          "key": "PLYP",
          "subkey": "quarterly",
          "date": 1640908800000,
          "updated": 1705230101679.074
        },
        {
          "costOfRevenue": 0,
          "currency": "USD",
          "ebit": 1067692480,
          "filingType": "10-Q",
          "fiscalDate": "2021-09-17",
          "fiscalQuarter": 3,
          "fiscalYear": 2034,
          "grossProfit": 6243707722,
          "incomeTax": 80203032,
          "interestIncome": 43083845,
          "minorityInterest": 0,
          "netIncome": 1128398177,
          "netIncomeBasic": 1093549083,
          "operatingExpense": 5212473385,
          "operatingIncome": 1091974096,
          "otherIncomeExpenseNet": 0,
          "pretaxIncome": 1185909135,
          "reportDate": "2021-10-30",
          "researchAndDevelopment": 779481006,
          "sellingGeneralAndAdmin": 1065382170,
          "symbol": "PYPL",
          "totalRevenue": 6195859888,
          "id": "MCEONI",
          "key": "PPYL",
          "subkey": "quarterly",
          "date": 1632960000000,
          "updated": 1654234053089.075
        },
        {
          "costOfRevenue": 0,
          "currency": "USD",
          "ebit": 1159095659,
          "filingType": "10-Q",
          "fiscalDate": "2021-06-25",
          "fiscalQuarter": 2,
          "fiscalYear": 2116,
          "grossProfit": 6321430074,
          "incomeTax": 173372396,
          "interestIncome": 45977208,
          "minorityInterest": 0,
          "netIncome": 1192324546,
          "netIncomeBasic": 1226686499,
          "operatingExpense": 5219295939,
          "operatingIncome": 1160514477,
          "otherIncomeExpenseNet": 0,
          "pretaxIncome": 1380764834,
          "reportDate": "2021-07-23",
          "researchAndDevelopment": 749097553,
          "sellingGeneralAndAdmin": 1160887490,
          "symbol": "PYPL",
          "totalRevenue": 6296388484,
          "id": "EMNCIO",
          "key": "YPPL",
          "subkey": "quarterly",
          "date": 1625011200000,
          "updated": 1708216655608.633
        }
      ]
    }
  },
  "DOCU": {
    "income": {
      "symbol": "DOCU",
      "income": [
        {
          "costOfRevenue": 131835713,
          "currency": "USD",
          "ebit": -26257718,
          "filingType": "10-K",
          "fiscalDate": "2022-01-17",
          "fiscalQuarter": 4,
          "fiscalYear": 2091,
          "grossProfit": 450768230,
          "incomeTax": 1051096,
          "interestIncome": 4128237,
          "minorityInterest": 0,
          "netIncome": -30569431,
          "netIncomeBasic": -31021695,
          "operatingExpense": 609690700,
          "operatingIncome": -26296831,
          "otherIncomeExpenseNet": 0,
          "pretaxIncome": -29482064,
          "reportDate": "2022-03-24",
          "researchAndDevelopment": 111081772,
          "sellingGeneralAndAdmin": 381163690,
          "symbol": "DOCU",
          "totalRevenue": 587679348,
          "id": "NOEIMC",
          "key": "OCDU",
          "subkey": "quarterly",
          "date": 1643587200000,
          "updated": 1696181111599.4612
        },
        {
          "costOfRevenue": 118695603,
          "currency": "USD",
          "ebit": -3524283,
          "filingType": "10-Q",
          "fiscalDate": "2021-10-27",
          "fiscalQuarter": 3,
          "fiscalYear": 2038,
          "grossProfit": 435893263,
          "incomeTax": -107083,
          "interestIncome": 1553771,
          "minorityInterest": 0,
          "netIncome": -5769997,
          "netIncomeBasic": -5829826,
          "operatingExpense": 558445174,
          "operatingIncome": -3501225,
          "otherIncomeExpenseNet": 0,
          "pretaxIncome": -5869772,
          "reportDate": "2021-11-22",
          "researchAndDevelopment": 105296673,
          "sellingGeneralAndAdmin": 337391422,
          "symbol": "DOCU",
          "totalRevenue": 555058183,
          "id": "NOMCEI",
          "key": "UCOD",
          "subkey": "quarterly",
          "date": 1635638400000,
          "updated": 1662540640559.1526
        },
        {
          "costOfRevenue": 114968264,
          "currency": "USD",
          "ebit": -23237427,
          "filingType": "10-Q",
          "fiscalDate": "2021-07-31",
          "fiscalQuarter": 2,
          "fiscalYear": 2063,
          "grossProfit": 411442503,
          "incomeTax": 160650,
          "interestIncome": 485856,
          "minorityInterest": 0,
          "netIncome": -26622063,
          "netIncomeBasic": -26054516,
          "operatingExpense": 536855097,
          "operatingIncome": -22762540,
          "otherIncomeExpenseNet": 0,
          "pretaxIncome": -25391061,
          "reportDate": "2021-08-21",
          "researchAndDevelopment": 95939637,
          "sellingGeneralAndAdmin": 334291357,
          "symbol": "DOCU",
          "totalRevenue": 533935180,
          "id": "EOCIMN",
          "key": "UDCO",
          "subkey": "quarterly",
          "date": 1627689600000,
          "updated": 1690815285835.088
        },
        {
          "costOfRevenue": 107672368,
          "currency": "USD",
          "ebit": -10980336,
          "filingType": "10-Q",
          "fiscalDate": "2021-04-26",
          "fiscalQuarter": 1,
          "fiscalYear": 2052,
          "grossProfit": 380836214,
          "incomeTax": 2045925,
          "interestIncome": 549493,
          "minorityInterest": 0,
          "netIncome": -8771048,
          "netIncomeBasic": -8459325,
          "operatingExpense": 485564762,
          "operatingIncome": -10785268,
          "otherIncomeExpenseNet": 0,
          "pretaxIncome": -6401555,
          "reportDate": "2021-06-04",
          "researchAndDevelopment": 85641654,
          "sellingGeneralAndAdmin": 293432319,
          "symbol": "DOCU",
          "totalRevenue": 484604332,
          "id": "MIONEC",
          "key": "UOCD",
          "subkey": "quarterly",
          "date": 1619740800000,
          "updated": 1655170564226.8535
        }
      ]
    }
  },
  "NVDA": {
    "income": {
      "symbol": "NVDA",
      "income": [
        {
          "costOfRevenue": 2739191463,
          "currency": "USD",
          "ebit": 2975030148,
          "filingType": "10-K",
          "fiscalDate": "2022-01-25",
          "fiscalQuarter": 4,
          "fiscalYear": 2057,
          "grossProfit": 5027720011,
          "incomeTax": -141543691,
          "interestIncome": 52743370,
          "minorityInterest": 0,
          "netIncome": 3117490353,
          "netIncomeBasic": 3136787527,
          "operatingExpense": 4731636395,
          "operatingIncome": 3053137689,
          "otherIncomeExpenseNet": 0,
          "pretaxIncome": 2914388884,
          "reportDate": "2022-03-12",
          "researchAndDevelopment": 1489486305,
          "sellingGeneralAndAdmin": 571766067,
          "symbol": "NVDA",
          "totalRevenue": 7726124366,
          "id": "OCENIM",
          "key": "VDAN",
          "subkey": "quarterly",
          "date": 1643500800000,
          "updated": 1698389114730.924
        },
        {
          "costOfRevenue": 2537009849,
          "currency": "USD",
          "ebit": 2726566758,
          "filingType": "10-Q",
          "fiscalDate": "2021-10-26",
          "fiscalQuarter": 3,
          "fiscalYear": 2052,
          "grossProfit": 4838144145,
          "incomeTax": 180655615,
          "interestIncome": 55329016,
          "minorityInterest": 0,
          "netIncome": 2574758197,
          "netIncomeBasic": 2558504271,
          "operatingExpense": 4628267544,
          "operatingIncome": 2701343410,
          "otherIncomeExpenseNet": 0,
          "pretaxIncome": 2678808460,
          "reportDate": "2021-11-15",
          "researchAndDevelopment": 1449281709,
          "sellingGeneralAndAdmin": 567871966,
          "symbol": "NVDA",
          "totalRevenue": 7108325288,
          "id": "OCIEMN",
          "key": "NAVD",
          "subkey": "quarterly",
          "date": 1635638400000,
          "updated": 1655480881549.941
        },
        {
          "costOfRevenue": 2334959167,
          "currency": "USD",
          "ebit": 2451511017,
          "filingType": "10-Q",
          "fiscalDate": "2021-07-20",
          "fiscalQuarter": 2,
          "fiscalYear": 2053,
          "grossProfit": 4375129574,
          "incomeTax": 20329238,
          "interestIncome": 56402089,
          "minorityInterest": 0,
          "netIncome": 2450069777,
          "netIncomeBasic": 2385132190,
          "operatingExpense": 4164758113,
          "operatingIncome": 2461413778,
          "otherIncomeExpenseNet": 0,
          "pretaxIncome": 2502540463,
          "reportDate": "2021-08-08",
          "researchAndDevelopment": 1257941319,
          "sellingGeneralAndAdmin": 527578230,
          "symbol": "NVDA",
          "totalRevenue": 6533087207,
          "id": "NMOICE",
          "key": "VNAD",
          "subkey": "quarterly",
          "date": 1627776000000,
          "updated": 1691496324568.498
        },
        {
          "costOfRevenue": 2093444524,
          "currency": "USD",
          "ebit": 2044330690,
          "filingType": "10-Q",
          "fiscalDate": "2021-04-19",
          "fiscalQuarter": 1,
          "fiscalYear": 2122,
          "grossProfit": 3747301890,
          "incomeTax": 135833228,
          "interestIncome": 47572790,
          "minorityInterest": 0,
          "netIncome": 1926331612,
          "netIncomeBasic": 1969772364,
          "operatingExpense": 3806759367,
          "operatingIncome": 1989392167,
          "otherIncomeExpenseNet": 0,
          "pretaxIncome": 2048880025,
          "reportDate": "2021-05-18",
          "researchAndDevelopment": 1158956512,
          "sellingGeneralAndAdmin": 534923551,
          "symbol": "NVDA",
          "totalRevenue": 5886445681,
          "id": "IOMECN",
          "key": "DNVA",
          "subkey": "quarterly",
          "date": 1619913600000,
          "updated": 1671696349260.848
        }
      ]
    }
  },
  "NET": {
    "income": {
      "symbol": "NET",
      "income": [
        {
          "costOfRevenue": 48954411,
          "currency": "USD",
          "ebit": -41464656,
          "filingType": "10-Q",
          "fiscalDate": "2022-03-26",
          "fiscalQuarter": 1,
          "fiscalYear": 2121,
          "grossProfit": 167531365,
          "incomeTax": 380152,
          "interestIncome": 498062,
          "minorityInterest": 0,
          "netIncome": -43159171,
          "netIncomeBasic": -42136534,
          "operatingExpense": 253805873,
          "operatingIncome": -41977041,
          "otherIncomeExpenseNet": 0,
          "pretaxIncome": -41792497,
          "reportDate": "2022-04-29",
          "researchAndDevelopment": 68821032,
          "sellingGeneralAndAdmin": 143450684,
          "symbol": "NET",
          "totalRevenue": 221329270,
          "id": "INMOEC",
          "key": "NET",
          "subkey": "quarterly",
          "date": 1648684800000,
          "updated": 1702120959655.067
        },
        {
          "costOfRevenue": 43764004,
          "currency": "USD",
          "ebit": -42382713,
          "filingType": "10-K",
          "fiscalDate": "2021-12-29",
          "fiscalQuarter": 4,
          "fiscalYear": 2103,
          "grossProfit": 158626235,
          "incomeTax": 21515903,
          "interestIncome": 15816595,
          "minorityInterest": 0,
          "netIncome": -81028198,
          "netIncomeBasic": -81294144,
          "operatingExpense": 240567846,
          "operatingIncome": -43066379,
          "otherIncomeExpenseNet": 0,
          "pretaxIncome": -59223952,
          "reportDate": "2022-02-23",
          "researchAndDevelopment": 62936757,
          "sellingGeneralAndAdmin": 130662034,
          "symbol": "NET",
          "totalRevenue": 201716985,
          "id": "MEICON",
          "key": "ENT",
          "subkey": "quarterly",
          "date": 1640908800000,
          "updated": 1720172039901.617
        },
        {
          "costOfRevenue": 37990502,
          "currency": "USD",
          "ebit": -27791623,
          "filingType": "10-Q",
          "fiscalDate": "2021-09-28",
          "fiscalQuarter": 3,
          "fiscalYear": 2079,
          "grossProfit": 141014944,
          "incomeTax": -3238615,
          "interestIncome": 12218971,
          "minorityInterest": 0,
          "netIncome": -109743483,
          "netIncomeBasic": -108261942,
          "operatingExpense": 206783501,
          "operatingIncome": -27076400,
          "otherIncomeExpenseNet": 0,
          "pretaxIncome": -112749160,
          "reportDate": "2021-11-04",
          "researchAndDevelopment": 47837345,
          "sellingGeneralAndAdmin": 117180008,
          "symbol": "NET",
          "totalRevenue": 176144660,
          "id": "NMCOIE",
          "key": "NET",
          "subkey": "quarterly",
          "date": 1632960000000,
          "updated": 1654193761540.464
        },
        {
          "costOfRevenue": 36301679,
          "currency": "USD",
          "ebit": -29044754,
          "filingType": "10-Q",
          "fiscalDate": "2021-06-27",
          "fiscalQuarter": 2,
          "fiscalYear": 2030,
          "grossProfit": 117421195,
          "incomeTax": -4410711,
          "interestIncome": 10403945,
          "minorityInterest": 0,
          "netIncome": -36228767,
          "netIncomeBasic": -36614160,
          "operatingExpense": 189958911,
          "operatingIncome": -30084907,
          "otherIncomeExpenseNet": 0,
          "pretaxIncome": -41289925,
          "reportDate": "2021-08-01",
          "researchAndDevelopment": 43285927,
          "sellingGeneralAndAdmin": 107850404,
          "symbol": "NET",
          "totalRevenue": 154567394,
          "id": "NCIMEO",
          "key": "ETN",
          "subkey": "quarterly",
          "date": 1625011200000,
          "updated": 1721914880218.493
        }
      ]
    }
  },
  "SE": {
    "income": {
      "symbol": "SE",
      "income": [
        {
          "costOfRevenue": 1983676288,
          "currency": "USD",
          "ebit": -449651491,
          "filingType": "20-F",
          "fiscalDate": "2021-12-20",
          "fiscalQuarter": 4,
          "fiscalYear": 2088,
          "grossProfit": 1312629129,
          "incomeTax": 107423804,
          "interestIncome": 86139942,
          "minorityInterest": 3830569,
          "netIncome": -866827068,
          "netIncomeBasic": -885306889,
          "operatingExpense": 3873460817,
          "operatingIncome": -527092074,
          "otherIncomeExpenseNet": 74208493,
          "pretaxIncome": -516258768,
          "reportDate": "2022-04-16",
          "researchAndDevelopment": 295721759,
          "sellingGeneralAndAdmin": 1584195661,
          "symbol": "SE",
          "totalRevenue": 3343770841,
          "id": "CNIMEO",
          "key": "SE",
          "subkey": "quarterly",
          "date": 1640908800000,
          "updated": 1687230856235.151
        },
        {
          "costOfRevenue": 1750975626,
          "currency": "USD",
          "ebit": -474383170,
          "filingType": "6-K",
          "fiscalDate": "2021-09-20",
          "fiscalQuarter": 3,
          "fiscalYear": 2085,
          "grossProfit": 1037896334,
          "incomeTax": 101448412,
          "interestIncome": 0,
          "minorityInterest": 0,
          "netIncome": -464020335,
          "netIncomeBasic": -449171793,
          "operatingExpense": 3366718017,
          "operatingIncome": -533498601,
          "otherIncomeExpenseNet": 70702372,
          "pretaxIncome": -480008854,
          "reportDate": "2021-11-08",
          "researchAndDevelopment": 240002799,
          "sellingGeneralAndAdmin": 1343015056,
          "symbol": "SE",
          "totalRevenue": 2792815648,
          "id": "NECMOI",
          "key": "ES",
          "subkey": "quarterly",
          "date": 1632960000000,
          "updated": 1719898348011.173
        },
        {
          "costOfRevenue": 1395593750,
          "currency": "USD",
          "ebit": -344120595,
          "filingType": "6-K",
          "fiscalDate": "2021-06-18",
          "fiscalQuarter": 2,
          "fiscalYear": 2059,
          "grossProfit": 961368216,
          "incomeTax": 78233471,
          "interestIncome": 0,
          "minorityInterest": 0,
          "netIncome": -324162526,
          "netIncomeBasic": -324842923,
          "operatingExpense": 2811738728,
          "operatingIncome": -420605382,
          "otherIncomeExpenseNet": 74474673,
          "pretaxIncome": -369546453,
          "reportDate": "2021-08-11",
          "researchAndDevelopment": 177415363,
          "sellingGeneralAndAdmin": 1193894061,
          "symbol": "SE",
          "totalRevenue": 2338076520,
          "id": "NCOEMI",
          "key": "ES",
          "subkey": "quarterly",
          "date": 1625011200000,
          "updated": 1670971101926.447
        },
        {
          "costOfRevenue": 1138798833,
          "currency": "USD",
          "ebit": -355947579,
          "filingType": "6-K",
          "fiscalDate": "2021-03-30",
          "fiscalQuarter": 1,
          "fiscalYear": 2048,
          "grossProfit": 663503163,
          "incomeTax": 52212990,
          "interestIncome": 20075128,
          "minorityInterest": 0,
          "netIncome": -429074855,
          "netIncomeBasic": -423118622,
          "operatingExpense": 2200782981,
          "operatingIncome": -435298108,
          "otherIncomeExpenseNet": 75141316,
          "pretaxIncome": -381950942,
          "reportDate": "2021-05-17",
          "researchAndDevelopment": 144063799,
          "sellingGeneralAndAdmin": 959495333,
          "symbol": "SE",
          "totalRevenue": 1786556765,
          "id": "MCENOI",
          "key": "ES",
          "subkey": "quarterly",
          "date": 1617148800000,
          "updated": 1673975898975.03
        }
      ]
    }
  },
  "BAC": {
    "income": {
      "symbol": "BAC",
      "income": [
        {
          "costOfRevenue": 30290445,
          "currency": "USD",
          "ebit": 8055257728,
          "filingType": "10-Q",
          "fiscalDate": "2022-03-23",
          "fiscalQuarter": 1,
          "fiscalYear": 2054,
          "grossProfit": 25108035517,
          "incomeTax": 821403412,
          "interestIncome": 0,
          "minorityInterest": 0,
          "netIncome": 6929568575,
          "netIncomeBasic": 6730940074,
          "operatingExpense": 17244965508,
          "operatingIncome": 7974087739,
          "otherIncomeExpenseNet": 0,
          "pretaxIncome": 8084366205,
          "reportDate": "2022-04-22",
          "researchAndDevelopment": 0,
          "sellingGeneralAndAdmin": 2206295210,
          "symbol": "BAC",
          "totalRevenue": 25055559950,
          "id": "CENIOM",
          "key": "BCA",
          "subkey": "quarterly",
          "date": 1648684800000,
          "updated": 1706261684740.95
        },
        {
          "costOfRevenue": -489129201,
          "currency": "USD",
          "ebit": 7822093185,
          "filingType": "10-K",
          "fiscalDate": "2021-12-21",
          "fiscalQuarter": 4,
          "fiscalYear": 2066,
          "grossProfit": 24587598936,
          "incomeTax": 805799726,
          "interestIncome": 0,
          "minorityInterest": 0,
          "netIncome": 6835931233,
          "netIncomeBasic": 7079185553,
          "operatingExpense": 15878513740,
          "operatingIncome": 8080722981,
          "otherIncomeExpenseNet": 0,
          "pretaxIncome": 8102539521,
          "reportDate": "2022-02-11",
          "researchAndDevelopment": 0,
          "sellingGeneralAndAdmin": 2294614415,
          "symbol": "BAC",
          "totalRevenue": 23674727940,
          "id": "MNOICE",
          "key": "CBA",
          "subkey": "quarterly",
          "date": 1640908800000,
          "updated": 1715549606310.12
        },
        {
          "costOfRevenue": -643782085,
          "currency": "USD",
          "ebit": 9171118654,
          "filingType": "10-Q",
          "fiscalDate": "2021-09-20",
          "fiscalQuarter": 3,
          "fiscalYear": 2121,
          "grossProfit": 24979679125,
          "incomeTax": 1294936158,
          "interestIncome": 0,
          "minorityInterest": 0,
          "netIncome": 7617623952,
          "netIncomeBasic": 7587012219,
          "operatingExpense": 15548901689,
          "operatingIncome": 9373905619,
          "otherIncomeExpenseNet": 0,
          "pretaxIncome": 9020855361,
          "reportDate": "2021-10-16",
          "researchAndDevelopment": 0,
          "sellingGeneralAndAdmin": 2195623160,
          "symbol": "BAC",
          "totalRevenue": 24297534573,
          "id": "NMECOI",
          "key": "ACB",
          "subkey": "quarterly",
          "date": 1632960000000,
          "updated": 1671344849208.59
        },
        {
          "costOfRevenue": -1690618159,
          "currency": "USD",
          "ebit": 8264793195,
          "filingType": "10-Q",
          "fiscalDate": "2021-06-17",
          "fiscalQuarter": 2,
          "fiscalYear": 2112,
          "grossProfit": 25001026633,
          "incomeTax": -1216478080,
          "interestIncome": 0,
          "minorityInterest": 0,
          "netIncome": 9216578140,
          "netIncomeBasic": 9099434427,
          "operatingExpense": 14769975560,
          "operatingIncome": 8094499252,
          "otherIncomeExpenseNet": 0,
          "pretaxIncome": 8235987295,
          "reportDate": "2021-07-16",
          "researchAndDevelopment": 0,
          "sellingGeneralAndAdmin": 2667504093,
          "symbol": "BAC",
          "totalRevenue": 22668987654,
          "id": "NCMOEI",
          "key": "ABC",
          "subkey": "quarterly",
          "date": 1625011200000,
          "updated": 1662768578786.04
        }
      ]
    }
  },
  "HUBS": {
    "income": {
      "symbol": "HUBS",
      "income": [
        {
          "costOfRevenue": 74603839,
          "currency": "USD",
          "ebit": -11676825,
          "filingType": "10-Q",
          "fiscalDate": "2022-03-16",
          "fiscalQuarter": 1,
          "fiscalYear": 2111,
          "grossProfit": 323958550,
          "incomeTax": 1487271,
          "interestIncome": 437239,
          "minorityInterest": 0,
          "netIncome": -9396588,
          "netIncomeBasic": -9485190,
          "operatingExpense": 412635457,
          "operatingIncome": -11342068,
          "otherIncomeExpenseNet": 0,
          "pretaxIncome": -8160130,
          "reportDate": "2022-04-22",
          "researchAndDevelopment": 93782829,
          "sellingGeneralAndAdmin": 247796547,
          "symbol": "HUBS",
          "totalRevenue": 396041601,
          "id": "EMCOIN",
          "key": "HUSB",
          "subkey": "quarterly",
          "date": 1648684800000,
          "updated": 1729363097136.6426
        },
        {
          "costOfRevenue": 72380135,
          "currency": "USD",
          "ebit": -8367215,
          "filingType": "10-K",
          "fiscalDate": "2021-12-19",
          "fiscalQuarter": 4,
          "fiscalYear": 2114,
          "grossProfit": 306307487,
          "incomeTax": 1404090,
          "interestIncome": 5854746,
          "minorityInterest": 0,
          "netIncome": -16832424,
          "netIncomeBasic": -16881007,
          "operatingExpense": 385325165,
          "operatingIncome": -8493273,
          "otherIncomeExpenseNet": 0,
          "pretaxIncome": -15033933,
          "reportDate": "2022-02-11",
          "researchAndDevelopment": 86779827,
          "sellingGeneralAndAdmin": 233990175,
          "symbol": "HUBS",
          "totalRevenue": 373024255,
          "id": "NCOMIE",
          "key": "SUHB",
          "subkey": "quarterly",
          "date": 1640908800000,
          "updated": 1709835287047.7769
        },
        {
          "costOfRevenue": 73004692,
          "currency": "USD",
          "ebit": -14970062,
          "filingType": "10-Q",
          "fiscalDate": "2021-09-20",
          "fiscalQuarter": 3,
          "fiscalYear": 2043,
          "grossProfit": 273883413,
          "incomeTax": 1167935,
          "interestIncome": 7916437,
          "minorityInterest": 0,
          "netIncome": -13762212,
          "netIncomeBasic": -14395059,
          "operatingExpense": 359491120,
          "operatingIncome": -15248066,
          "otherIncomeExpenseNet": 0,
          "pretaxIncome": -12756306,
          "reportDate": "2021-10-31",
          "researchAndDevelopment": 81351229,
          "sellingGeneralAndAdmin": 209471130,
          "symbol": "HUBS",
          "totalRevenue": 355064150,
          "id": "EMICNO",
          "key": "HSBU",
          "subkey": "quarterly",
          "date": 1632960000000,
          "updated": 1715235846365.33
        },
        {
          "costOfRevenue": 64466180,
          "currency": "USD",
          "ebit": -16736200,
          "filingType": "10-Q",
          "fiscalDate": "2021-06-22",
          "fiscalQuarter": 2,
          "fiscalYear": 2065,
          "grossProfit": 254135017,
          "incomeTax": 1676786,
          "interestIncome": 6934391,
          "minorityInterest": 0,
          "netIncome": -25431881,
          "netIncomeBasic": -25017607,
          "operatingExpense": 336528010,
          "operatingIncome": -17048591,
          "otherIncomeExpenseNet": 0,
          "pretaxIncome": -23306875,
          "reportDate": "2021-07-24",
          "researchAndDevelopment": 72590135,
          "sellingGeneralAndAdmin": 194134262,
          "symbol": "HUBS",
          "totalRevenue": 312269957,
          "id": "CNIEMO",
          "key": "SHUB",
          "subkey": "quarterly",
          "date": 1625011200000,
          "updated": 1658837545894.6216
        }
      ]
    }
  },
  "OKTA": {
    "income": {
      "symbol": "OKTA",
      "income": [
        {
          "costOfRevenue": 119780305,
          "currency": "USD",
          "ebit": -216777800,
          "filingType": "10-K",
          "fiscalDate": "2022-01-24",
          "fiscalQuarter": 4,
          "fiscalYear": 2105,
          "grossProfit": 276264846,
          "incomeTax": 5559031,
          "interestIncome": 24357322,
          "minorityInterest": 0,
          "netIncome": -251068205,
          "netIncomeBasic": -251040090,
          "operatingExpense": 611605979,
          "operatingIncome": -222295240,
          "otherIncomeExpenseNet": 0,
          "pretaxIncome": -238825272,
          "reportDate": "2022-03-07",
          "researchAndDevelopment": 150898943,
          "sellingGeneralAndAdmin": 346015654,
          "symbol": "OKTA",
          "totalRevenue": 388432719,
          "id": "OCMENI",
          "key": "OATK",
          "subkey": "quarterly",
          "date": 1643587200000,
          "updated": 1729336144108.341
        },
        {
          "costOfRevenue": 112084504,
          "currency": "USD",
          "ebit": -200763245,
          "filingType": "10-Q",
          "fiscalDate": "2021-10-29",
          "fiscalQuarter": 3,
          "fiscalYear": 2049,
          "grossProfit": 251307655,
          "incomeTax": 672642,
          "interestIncome": 23947899,
          "minorityInterest": 0,
          "netIncome": -228574314,
          "netIncomeBasic": -230352635,
          "operatingExpense": 574602672,
          "operatingIncome": -202653127,
          "otherIncomeExpenseNet": 0,
          "pretaxIncome": -229694714,
          "reportDate": "2021-11-28",
          "researchAndDevelopment": 134271322,
          "sellingGeneralAndAdmin": 309963840,
          "symbol": "OKTA",
          "totalRevenue": 351711901,
          "id": "NMEOIC",
          "key": "KTAO",
          "subkey": "quarterly",
          "date": 1635638400000,
          "updated": 1654073439882.427
        },
        {
          "costOfRevenue": 104278081,
          "currency": "USD",
          "ebit": -269778374,
          "filingType": "10-Q",
          "fiscalDate": "2021-07-22",
          "fiscalQuarter": 2,
          "fiscalYear": 2069,
          "grossProfit": 215823819,
          "incomeTax": -7631388,
          "interestIncome": 23941382,
          "minorityInterest": 0,
          "netIncome": -282266259,
          "netIncomeBasic": -282126204,
          "operatingExpense": 590857212,
          "operatingIncome": -269838814,
          "otherIncomeExpenseNet": 0,
          "pretaxIncome": -297796029,
          "reportDate": "2021-08-21",
          "researchAndDevelopment": 125352622,
          "sellingGeneralAndAdmin": 364347533,
          "symbol": "OKTA",
          "totalRevenue": 322759524,
          "id": "OEMINC",
          "key": "TAKO",
          "subkey": "quarterly",
          "date": 1627689600000,
          "updated": 1667414536442.209
        },
        {
          "costOfRevenue": 69428499,
          "currency": "USD",
          "ebit": -93694008,
          "filingType": "10-Q",
          "fiscalDate": "2021-04-24",
          "fiscalQuarter": 1,
          "fiscalYear": 2105,
          "grossProfit": 189040921,
          "incomeTax": 10391,
          "interestIncome": 22835472,
          "minorityInterest": 0,
          "netIncome": -111445640,
          "netIncomeBasic": -109751023,
          "operatingExpense": 345191142,
          "operatingIncome": -93780390,
          "otherIncomeExpenseNet": 0,
          "pretaxIncome": -112530158,
          "reportDate": "2021-05-18",
          "researchAndDevelopment": 71107685,
          "sellingGeneralAndAdmin": 212579042,
          "symbol": "OKTA",
          "totalRevenue": 254676847,
          "id": "IMCNEO",
          "key": "TAOK",
          "subkey": "quarterly",
          "date": 1619740800000,
          "updated": 1685752167490.363
        }
      ]
    }
  },
  "ADBE": {
    "income": {
      "symbol": "ADBE",
      "income": [
        {
          "costOfRevenue": 536980157,
          "currency": "USD",
          "ebit": 1608152095,
          "filingType": "10-Q",
          "fiscalDate": "2022-02-20",
          "fiscalQuarter": 1,
          "fiscalYear": 2053,
          "grossProfit": 3772349029,
          "incomeTax": 280627465,
          "interestIncome": 28119465,
          "minorityInterest": 0,
          "netIncome": 1277339283,
          "netIncomeBasic": 1269735042,
          "operatingExpense": 2761483480,
          "operatingIncome": 1658988561,
          "otherIncomeExpenseNet": 0,
          "pretaxIncome": 1614555849,
          "reportDate": "2022-03-21",
          "researchAndDevelopment": 732629900,
          "sellingGeneralAndAdmin": 1478845506,
          "symbol": "ADBE",
          "totalRevenue": 4459264264,
          "id": "ICNEMO",
          "key": "BEDA",
          "subkey": "quarterly",
          "date": 1646352000000,
          "updated": 1702601191409.237
        },
        {
          "costOfRevenue": 508735772,
          "currency": "USD",
          "ebit": 1528365837,
          "filingType": "10-K",
          "fiscalDate": "2021-11-25",
          "fiscalQuarter": 4,
          "fiscalYear": 2120,
          "grossProfit": 3778282957,
          "incomeTax": 235070522,
          "interestIncome": 11306273,
          "minorityInterest": 0,
          "netIncome": 1237315254,
          "netIncomeBasic": 1280900888,
          "operatingExpense": 2670039933,
          "operatingIncome": 1540558219,
          "otherIncomeExpenseNet": 0,
          "pretaxIncome": 1529050722,
          "reportDate": "2022-01-20",
          "researchAndDevelopment": 677478835,
          "sellingGeneralAndAdmin": 1431671350,
          "symbol": "ADBE",
          "totalRevenue": 4286970792,
          "id": "OMINCE",
          "key": "DABE",
          "subkey": "quarterly",
          "date": 1638489600000,
          "updated": 1694567977531.5417
        },
        {
          "costOfRevenue": 487563223,
          "currency": "USD",
          "ebit": 1510714176,
          "filingType": "10-Q",
          "fiscalDate": "2021-08-24",
          "fiscalQuarter": 3,
          "fiscalYear": 2086,
          "grossProfit": 3641100870,
          "incomeTax": 214279093,
          "interestIncome": 27951322,
          "minorityInterest": 0,
          "netIncome": 1213782052,
          "netIncomeBasic": 1264366736,
          "operatingExpense": 2558087176,
          "operatingIncome": 1507892964,
          "otherIncomeExpenseNet": 0,
          "pretaxIncome": 1454769327,
          "reportDate": "2021-09-26",
          "researchAndDevelopment": 670734030,
          "sellingGeneralAndAdmin": 1350230556,
          "symbol": "ADBE",
          "totalRevenue": 3960532137,
          "id": "MINECO",
          "key": "ABED",
          "subkey": "quarterly",
          "date": 1630627200000,
          "updated": 1731515967769.8574
        },
        {
          "costOfRevenue": 463029560,
          "currency": "USD",
          "ebit": 1419511079,
          "filingType": "10-Q",
          "fiscalDate": "2021-05-31",
          "fiscalQuarter": 2,
          "fiscalYear": 2112,
          "grossProfit": 3439136753,
          "incomeTax": 277951909,
          "interestIncome": 28713281,
          "minorityInterest": 0,
          "netIncome": 1167712536,
          "netIncomeBasic": 1133381489,
          "operatingExpense": 2506642202,
          "operatingIncome": 1461086426,
          "otherIncomeExpenseNet": 0,
          "pretaxIncome": 1405362011,
          "reportDate": "2021-06-30",
          "researchAndDevelopment": 618933722,
          "sellingGeneralAndAdmin": 1337349430,
          "symbol": "ADBE",
          "totalRevenue": 3874081527,
          "id": "IECMON",
          "key": "EBDA",
          "subkey": "quarterly",
          "date": 1622764800000,
          "updated": 1689662991282.3567
        }
      ]
    }
  },
  "CRWD": {
    "income": {
      "symbol": "CRWD",
      "income": [
        {
          "costOfRevenue": 116537333,
          "currency": "USD",
          "ebit": -23790261,
          "filingType": "10-K",
          "fiscalDate": "2022-01-19",
          "fiscalQuarter": 4,
          "fiscalYear": 2114,
          "grossProfit": 323414637,
          "incomeTax": 13663952,
          "interestIncome": 6403258,
          "minorityInterest": -2190998,
          "netIncome": -40721349,
          "netIncomeBasic": -40717887,
          "operatingExpense": 458773321,
          "operatingIncome": -24378441,
          "otherIncomeExpenseNet": 0,
          "pretaxIncome": -29391835,
          "reportDate": "2022-03-14",
          "researchAndDevelopment": 105361823,
          "sellingGeneralAndAdmin": 248054593,
          "symbol": "CRWD",
          "totalRevenue": 438006617,
          "id": "ECNMIO",
          "key": "DRCW",
          "subkey": "quarterly",
          "date": 1643587200000,
          "updated": 1672302531566.44
        },
        {
          "costOfRevenue": 102043408,
          "currency": "USD",
          "ebit": -41684094,
          "filingType": "10-Q",
          "fiscalDate": "2021-10-28",
          "fiscalQuarter": 3,
          "fiscalYear": 2036,
          "grossProfit": 280696328,
          "incomeTax": 4692860,
          "interestIncome": 6639490,
          "minorityInterest": 5111,
          "netIncome": -51698161,
          "netIncomeBasic": -50524062,
          "operatingExpense": 426930255,
          "operatingIncome": -40745506,
          "otherIncomeExpenseNet": 0,
          "pretaxIncome": -47400078,
          "reportDate": "2021-11-23",
          "researchAndDevelopment": 98339072,
          "sellingGeneralAndAdmin": 223896537,
          "symbol": "CRWD",
          "totalRevenue": 386821582,
          "id": "OECNIM",
          "key": "DCRW",
          "subkey": "quarterly",
          "date": 1635638400000,
          "updated": 1713352717648.61
        },
        {
          "costOfRevenue": 93817854,
          "currency": "USD",
          "ebit": -48341322,
          "filingType": "10-Q",
          "fiscalDate": "2021-07-26",
          "fiscalQuarter": 2,
          "fiscalYear": 2070,
          "grossProfit": 251984603,
          "incomeTax": 4374521,
          "interestIncome": 6394252,
          "minorityInterest": 0,
          "netIncome": -57832317,
          "netIncomeBasic": -59287284,
          "operatingExpense": 389706926,
          "operatingIncome": -47812746,
          "otherIncomeExpenseNet": 0,
          "pretaxIncome": -54071133,
          "reportDate": "2021-08-27",
          "researchAndDevelopment": 93705736,
          "sellingGeneralAndAdmin": 211187049,
          "symbol": "CRWD",
          "totalRevenue": 352646805,
          "id": "NCMIEO",
          "key": "CRWD",
          "subkey": "quarterly",
          "date": 1627689600000,
          "updated": 1691929918635.45
        },
        {
          "costOfRevenue": 82279776,
          "currency": "USD",
          "ebit": -32364399,
          "filingType": "10-Q",
          "fiscalDate": "2021-04-19",
          "fiscalQuarter": 1,
          "fiscalYear": 2027,
          "grossProfit": 230180344,
          "incomeTax": 52117992,
          "interestIncome": 6385657,
          "minorityInterest": 2230231,
          "netIncome": -87077300,
          "netIncomeBasic": -85534666,
          "operatingExpense": 350579398,
          "operatingIncome": -31687216,
          "otherIncomeExpenseNet": 0,
          "pretaxIncome": -34038585,
          "reportDate": "2021-06-01",
          "researchAndDevelopment": 80414431,
          "sellingGeneralAndAdmin": 186006036,
          "symbol": "CRWD",
          "totalRevenue": 316774993,
          "id": "EMCOIN",
          "key": "CDRW",
          "subkey": "quarterly",
          "date": 1619740800000,
          "updated": 1691901937321.55
        }
      ]
    }
  },
  "GOOG": {
    "income": {}
  },
  "CRM": {
    "income": {
      "symbol": "CRM",
      "income": [
        {
          "costOfRevenue": 2084952326,
          "currency": "USD",
          "ebit": -176828290,
          "filingType": "10-K",
          "fiscalDate": "2022-01-19",
          "fiscalQuarter": 4,
          "fiscalYear": 2028,
          "grossProfit": 5388764023,
          "incomeTax": -174132989,
          "interestIncome": 0,
          "minorityInterest": 0,
          "netIncome": -28248453,
          "netIncomeBasic": -28313025,
          "operatingExpense": 7752804758,
          "operatingIncome": -178367282,
          "otherIncomeExpenseNet": 0,
          "pretaxIncome": -204016202,
          "reportDate": "2022-03-07",
          "researchAndDevelopment": 1291456795,
          "sellingGeneralAndAdmin": 4357680003,
          "symbol": "CRM",
          "totalRevenue": 7690523575,
          "id": "MNOCEI",
          "key": "CRM",
          "subkey": "quarterly",
          "date": 1643587200000,
          "updated": 1731339883510.87
        },
        {
          "costOfRevenue": 1912906089,
          "currency": "USD",
          "ebit": 38685039,
          "filingType": "10-Q",
          "fiscalDate": "2021-10-20",
          "fiscalQuarter": 3,
          "fiscalYear": 2111,
          "grossProfit": 5027166251,
          "incomeTax": -175659576,
          "interestIncome": 0,
          "minorityInterest": 0,
          "netIncome": 475688254,
          "netIncomeBasic": 481657615,
          "operatingExpense": 7046557322,
          "operatingIncome": 38781723,
          "otherIncomeExpenseNet": 0,
          "pretaxIncome": 305496727,
          "reportDate": "2021-11-18",
          "researchAndDevelopment": 1217869795,
          "sellingGeneralAndAdmin": 3904625377,
          "symbol": "CRM",
          "totalRevenue": 6870087635,
          "id": "EOIMNC",
          "key": "CRM",
          "subkey": "quarterly",
          "date": 1635638400000,
          "updated": 1691920234908.46
        },
        {
          "costOfRevenue": 1647996699,
          "currency": "USD",
          "ebit": 332408430,
          "filingType": "10-Q",
          "fiscalDate": "2021-07-21",
          "fiscalQuarter": 2,
          "fiscalYear": 2049,
          "grossProfit": 4846176572,
          "incomeTax": 302501285,
          "interestIncome": 0,
          "minorityInterest": 0,
          "netIncome": 550265863,
          "netIncomeBasic": 546942326,
          "operatingExpense": 6185632234,
          "operatingIncome": 345707753,
          "otherIncomeExpenseNet": 0,
          "pretaxIncome": 849191088,
          "reportDate": "2021-08-19",
          "researchAndDevelopment": 1038693388,
          "sellingGeneralAndAdmin": 3520473281,
          "symbol": "CRM",
          "totalRevenue": 6500936581,
          "id": "ECINOM",
          "key": "MRC",
          "subkey": "quarterly",
          "date": 1627689600000,
          "updated": 1668720696306.74
        },
        {
          "costOfRevenue": 1579746177,
          "currency": "USD",
          "ebit": 364868084,
          "filingType": "10-Q",
          "fiscalDate": "2021-04-23",
          "fiscalQuarter": 1,
          "fiscalYear": 2057,
          "grossProfit": 4426135317,
          "incomeTax": 138039404,
          "interestIncome": 0,
          "minorityInterest": 0,
          "netIncome": 487709101,
          "netIncomeBasic": 477156596,
          "operatingExpense": 5725122925,
          "operatingIncome": 367218666,
          "otherIncomeExpenseNet": 0,
          "pretaxIncome": 607659365,
          "reportDate": "2021-05-20",
          "researchAndDevelopment": 972938737,
          "sellingGeneralAndAdmin": 3190235719,
          "symbol": "CRM",
          "totalRevenue": 5985360835,
          "id": "OCMENI",
          "key": "RMC",
          "subkey": "quarterly",
          "date": 1619740800000,
          "updated": 1654603173909.75
        }
      ]
    }
  },
  "SQ": {
    "income": {
      "symbol": "SQ",
      "income": [
        {
          "costOfRevenue": 2746827425,
          "currency": "USD",
          "ebit": -139151246,
          "filingType": "10-Q",
          "fiscalDate": "2022-03-26",
          "fiscalQuarter": 1,
          "fiscalYear": 2114,
          "grossProfit": 1358664379,
          "incomeTax": -1706864,
          "interestIncome": 16171263,
          "minorityInterest": -3175005,
          "netIncome": -214217860,
          "netIncomeBasic": -212126629,
          "operatingExpense": 4225809548,
          "operatingIncome": -136689370,
          "otherIncomeExpenseNet": 0,
          "pretaxIncome": -213152673,
          "reportDate": "2022-04-23",
          "researchAndDevelopment": 502154638,
          "sellingGeneralAndAdmin": 964202908,
          "symbol": "SQ",
          "totalRevenue": 4005490551,
          "id": "EMONCI",
          "key": "QS",
          "subkey": "quarterly",
          "date": 1648684800000,
          "updated": 1717001951452.9854
        },
        {
          "costOfRevenue": 2961646208,
          "currency": "USD",
          "ebit": 2593242,
          "filingType": "10-K",
          "fiscalDate": "2021-12-20",
          "fiscalQuarter": 4,
          "fiscalYear": 2041,
          "grossProfit": 1229457054,
          "incomeTax": 6690469,
          "interestIncome": 13007197,
          "minorityInterest": -4235440,
          "netIncome": -79594938,
          "netIncomeBasic": -76832118,
          "operatingExpense": 4131399877,
          "operatingIncome": 2553378,
          "otherIncomeExpenseNet": 0,
          "pretaxIncome": -74560510,
          "reportDate": "2022-02-24",
          "researchAndDevelopment": 400570578,
          "sellingGeneralAndAdmin": 810166415,
          "symbol": "SQ",
          "totalRevenue": 4201541024,
          "id": "CIEMON",
          "key": "QS",
          "subkey": "quarterly",
          "date": 1640908800000,
          "updated": 1670699632184.2485
        },
        {
          "costOfRevenue": 2759188818,
          "currency": "USD",
          "ebit": 92000249,
          "filingType": "10-Q",
          "fiscalDate": "2021-09-28",
          "fiscalQuarter": 3,
          "fiscalYear": 2042,
          "grossProfit": 1150828046,
          "incomeTax": 461039,
          "interestIncome": 14064938,
          "minorityInterest": -3071776,
          "netIncome": 87387,
          "netIncomeBasic": 85418,
          "operatingExpense": 3824370239,
          "operatingIncome": 95467275,
          "otherIncomeExpenseNet": 0,
          "pretaxIncome": -2434881,
          "reportDate": "2021-10-29",
          "researchAndDevelopment": 376687042,
          "sellingGeneralAndAdmin": 681671583,
          "symbol": "SQ",
          "totalRevenue": 3990335217,
          "id": "MNCIOE",
          "key": "QS",
          "subkey": "quarterly",
          "date": 1632960000000,
          "updated": 1654379180508.8025
        },
        {
          "costOfRevenue": 3620648273,
          "currency": "USD",
          "ebit": 229003043,
          "filingType": "10-Q",
          "fiscalDate": "2021-06-21",
          "fiscalQuarter": 2,
          "fiscalYear": 2080,
          "grossProfit": 1188027165,
          "incomeTax": -9586812,
          "interestIncome": 6617320,
          "minorityInterest": -349054,
          "netIncome": 213086161,
          "netIncomeBasic": 209491522,
          "operatingExpense": 4583407373,
          "operatingIncome": 227874754,
          "otherIncomeExpenseNet": 0,
          "pretaxIncome": 196128613,
          "reportDate": "2021-07-30",
          "researchAndDevelopment": 339381299,
          "sellingGeneralAndAdmin": 596986563,
          "symbol": "SQ",
          "totalRevenue": 4832645507,
          "id": "NMIECO",
          "key": "SQ",
          "subkey": "quarterly",
          "date": 1625011200000,
          "updated": 1684558011674.5403
        }
      ]
    }
  },
  "SHOP": {
    "income": {
      "symbol": "SHOP",
      "income": [
        {
          "costOfRevenue": 568099790,
          "currency": "USD",
          "ebit": -99385290,
          "filingType": "6-K",
          "fiscalDate": "2022-03-28",
          "fiscalQuarter": 1,
          "fiscalYear": 2089,
          "grossProfit": 653897590,
          "incomeTax": -183775764,
          "interestIncome": -5514736,
          "minorityInterest": 0,
          "netIncome": -1496556672,
          "netIncomeBasic": -1475390812,
          "operatingExpense": 1356847908,
          "operatingIncome": -102172591,
          "otherIncomeExpenseNet": 0,
          "pretaxIncome": -1687810659,
          "reportDate": "2022-04-23",
          "researchAndDevelopment": 309586802,
          "sellingGeneralAndAdmin": 430350423,
          "symbol": "SHOP",
          "totalRevenue": 1225025109,
          "id": "MECNIO",
          "key": "HOSP",
          "subkey": "quarterly",
          "date": 1648684800000,
          "updated": 1724926125540.7764
        },
        {
          "costOfRevenue": 706676751,
          "currency": "USD",
          "ebit": 14782502,
          "filingType": "40-F",
          "fiscalDate": "2021-12-23",
          "fiscalQuarter": 4,
          "fiscalYear": 2049,
          "grossProfit": 721089307,
          "incomeTax": -122527503,
          "interestIncome": -4054676,
          "minorityInterest": 0,
          "netIncome": -376217043,
          "netIncomeBasic": -372733068,
          "operatingExpense": 1400070695,
          "operatingIncome": 14925039,
          "otherIncomeExpenseNet": 0,
          "pretaxIncome": -503701509,
          "reportDate": "2022-02-10",
          "researchAndDevelopment": 282496627,
          "sellingGeneralAndAdmin": 390213447,
          "symbol": "SHOP",
          "totalRevenue": 1410106832,
          "id": "INEMCO",
          "key": "PHOS",
          "subkey": "quarterly",
          "date": 1640908800000,
          "updated": 1676516352162.2708
        },
        {
          "costOfRevenue": 539192715,
          "currency": "USD",
          "ebit": -4194939,
          "filingType": "6-K",
          "fiscalDate": "2021-09-29",
          "fiscalQuarter": 3,
          "fiscalYear": 2096,
          "grossProfit": 628811322,
          "incomeTax": 198530536,
          "interestIncome": -3666610,
          "minorityInterest": 0,
          "netIncome": 1190275510,
          "netIncomeBasic": 1205665243,
          "operatingExpense": 1134966934,
          "operatingIncome": -4160787,
          "otherIncomeExpenseNet": 0,
          "pretaxIncome": 1375045058,
          "reportDate": "2021-10-23",
          "researchAndDevelopment": 222372525,
          "sellingGeneralAndAdmin": 383647303,
          "symbol": "SHOP",
          "totalRevenue": 1130229195,
          "id": "CONIME",
          "key": "SPHO",
          "subkey": "quarterly",
          "date": 1632960000000,
          "updated": 1719883185288.947
        },
        {
          "costOfRevenue": 507978846,
          "currency": "USD",
          "ebit": 140411771,
          "filingType": "6-K",
          "fiscalDate": "2021-06-19",
          "fiscalQuarter": 2,
          "fiscalYear": 2073,
          "grossProfit": 642409753,
          "incomeTax": 40487317,
          "interestIncome": -2312327,
          "minorityInterest": 0,
          "netIncome": 890088231,
          "netIncomeBasic": 903366070,
          "operatingExpense": 1026325858,
          "operatingIncome": 140419312,
          "otherIncomeExpenseNet": 0,
          "pretaxIncome": 944423726,
          "reportDate": "2021-07-21",
          "researchAndDevelopment": 186207879,
          "sellingGeneralAndAdmin": 290295280,
          "symbol": "SHOP",
          "totalRevenue": 1143815809,
          "id": "OENCMI",
          "key": "POHS",
          "subkey": "quarterly",
          "date": 1625011200000,
          "updated": 1687704288805.1704
        }
      ]
    }
  },
  "JPM": {
    "income": {
      "symbol": "JPM",
      "income": [
        {
          "costOfRevenue": 1509086060,
          "currency": "USD",
          "ebit": 10535492958,
          "filingType": "10-Q",
          "fiscalDate": "2022-03-24",
          "fiscalQuarter": 1,
          "fiscalYear": 2024,
          "grossProfit": 31126773221,
          "incomeTax": 1831247138,
          "interestIncome": 0,
          "minorityInterest": 0,
          "netIncome": 8026511210,
          "netIncomeBasic": 8217889642,
          "operatingExpense": 22424654416,
          "operatingIncome": 10539248249,
          "otherIncomeExpenseNet": 0,
          "pretaxIncome": 10116708641,
          "reportDate": "2022-04-25",
          "researchAndDevelopment": 0,
          "sellingGeneralAndAdmin": 2119519507,
          "symbol": "JPM",
          "totalRevenue": 32749216349,
          "id": "NCIOME",
          "key": "MPJ",
          "subkey": "quarterly",
          "date": 1648684800000,
          "updated": 1698403946415.686
        },
        {
          "costOfRevenue": -1341712747,
          "currency": "USD",
          "ebit": 12946668595,
          "filingType": "10-K",
          "fiscalDate": "2021-12-29",
          "fiscalQuarter": 4,
          "fiscalYear": 2068,
          "grossProfit": 32373732590,
          "incomeTax": 2275978441,
          "interestIncome": 0,
          "minorityInterest": 0,
          "netIncome": 9936557441,
          "netIncomeBasic": 10299197113,
          "operatingExpense": 18077255729,
          "operatingIncome": 12947819733,
          "otherIncomeExpenseNet": 0,
          "pretaxIncome": 13219279589,
          "reportDate": "2022-02-12",
          "researchAndDevelopment": 0,
          "sellingGeneralAndAdmin": 2163093493,
          "symbol": "JPM",
          "totalRevenue": 31281361923,
          "id": "NOICME",
          "key": "PJM",
          "subkey": "quarterly",
          "date": 1640908800000,
          "updated": 1659709617896.228
        },
        {
          "costOfRevenue": -1527629646,
          "currency": "USD",
          "ebit": 14764464198,
          "filingType": "10-Q",
          "fiscalDate": "2021-09-25",
          "fiscalQuarter": 3,
          "fiscalYear": 2050,
          "grossProfit": 33051544604,
          "incomeTax": 2437640616,
          "interestIncome": 0,
          "minorityInterest": 0,
          "netIncome": 11343659811,
          "netIncomeBasic": 11714712775,
          "operatingExpense": 17208794264,
          "operatingIncome": 14600989082,
          "otherIncomeExpenseNet": 0,
          "pretaxIncome": 14257467679,
          "reportDate": "2021-10-20",
          "researchAndDevelopment": 0,
          "sellingGeneralAndAdmin": 1884866998,
          "symbol": "JPM",
          "totalRevenue": 31903542996,
          "id": "EIMNOC",
          "key": "JPM",
          "subkey": "quarterly",
          "date": 1632960000000,
          "updated": 1674313914403.745
        },
        {
          "costOfRevenue": -2349634952,
          "currency": "USD",
          "ebit": 15845349760,
          "filingType": "10-Q",
          "fiscalDate": "2021-06-19",
          "fiscalQuarter": 2,
          "fiscalYear": 2063,
          "grossProfit": 34982727931,
          "incomeTax": 3150189497,
          "interestIncome": 0,
          "minorityInterest": 0,
          "netIncome": 11666908465,
          "netIncomeBasic": 11679670005,
          "operatingExpense": 17435831849,
          "operatingIncome": 15278541470,
          "otherIncomeExpenseNet": 0,
          "pretaxIncome": 15757313974,
          "reportDate": "2021-07-26",
          "researchAndDevelopment": 0,
          "sellingGeneralAndAdmin": 1729448583,
          "symbol": "JPM",
          "totalRevenue": 32521962058,
          "id": "EOIMCN",
          "key": "MPJ",
          "subkey": "quarterly",
          "date": 1625011200000,
          "updated": 1690803597414.846
        }
      ]
    }
  },
  "V": {
    "income": {
      "symbol": "V",
      "income": [
        {
          "costOfRevenue": 0,
          "currency": "USD",
          "ebit": 4805973975,
          "filingType": "10-Q",
          "fiscalDate": "2022-03-18",
          "fiscalQuarter": 2,
          "fiscalYear": 2070,
          "grossProfit": 7215734817,
          "incomeTax": 910211205,
          "interestIncome": 135775466,
          "minorityInterest": 0,
          "netIncome": 3744562089,
          "netIncomeBasic": 3775015836,
          "operatingExpense": 2396690071,
          "operatingIncome": 4894275116,
          "otherIncomeExpenseNet": 0,
          "pretaxIncome": 4737818689,
          "reportDate": "2022-04-25",
          "researchAndDevelopment": 0,
          "sellingGeneralAndAdmin": 640338039,
          "symbol": "V",
          "totalRevenue": 7255984744,
          "id": "IENCOM",
          "key": "V",
          "subkey": "quarterly",
          "date": 1648684800000,
          "updated": 1693538292213.605
        },
        {
          "costOfRevenue": 0,
          "currency": "USD",
          "ebit": 5010355370,
          "filingType": "10-Q",
          "fiscalDate": "2021-12-22",
          "fiscalQuarter": 1,
          "fiscalYear": 2050,
          "grossProfit": 7289349406,
          "incomeTax": 975662455,
          "interestIncome": 139646774,
          "minorityInterest": 0,
          "netIncome": 4130617037,
          "netIncomeBasic": 3970599024,
          "operatingExpense": 2164522362,
          "operatingIncome": 5032952838,
          "otherIncomeExpenseNet": 0,
          "pretaxIncome": 5030975617,
          "reportDate": "2022-01-24",
          "researchAndDevelopment": 0,
          "sellingGeneralAndAdmin": 529091156,
          "symbol": "V",
          "totalRevenue": 7312098346,
          "id": "NMCIEO",
          "key": "V",
          "subkey": "quarterly",
          "date": 1640908800000,
          "updated": 1673394559124.153
        },
        {
          "costOfRevenue": 0,
          "currency": "USD",
          "ebit": 4467804401,
          "filingType": "10-K",
          "fiscalDate": "2021-09-28",
          "fiscalQuarter": 4,
          "fiscalYear": 2072,
          "grossProfit": 6588278845,
          "incomeTax": 722885233,
          "interestIncome": 131010704,
          "minorityInterest": 0,
          "netIncome": 3719583111,
          "netIncomeBasic": 3613405524,
          "operatingExpense": 2334912954,
          "operatingIncome": 4474712979,
          "otherIncomeExpenseNet": 0,
          "pretaxIncome": 4475710814,
          "reportDate": "2021-11-06",
          "researchAndDevelopment": 0,
          "sellingGeneralAndAdmin": 693164834,
          "symbol": "V",
          "totalRevenue": 6620525717,
          "id": "NECMIO",
          "key": "V",
          "subkey": "quarterly",
          "date": 1632960000000,
          "updated": 1701812259217.037
        },
        {
          "costOfRevenue": 0,
          "currency": "USD",
          "ebit": 4121985588,
          "filingType": "10-Q",
          "fiscalDate": "2021-06-25",
          "fiscalQuarter": 3,
          "fiscalYear": 2074,
          "grossProfit": 6145111816,
          "incomeTax": 1815389968,
          "interestIncome": 137163547,
          "minorityInterest": 0,
          "netIncome": 2613542086,
          "netIncomeBasic": 2676531004,
          "operatingExpense": 2148363998,
          "operatingIncome": 4168956493,
          "otherIncomeExpenseNet": 0,
          "pretaxIncome": 4427298264,
          "reportDate": "2021-07-25",
          "researchAndDevelopment": 0,
          "sellingGeneralAndAdmin": 485307658,
          "symbol": "V",
          "totalRevenue": 6410954724,
          "id": "OCMINE",
          "key": "V",
          "subkey": "quarterly",
          "date": 1625011200000,
          "updated": 1663404004505.711
        }
      ]
    }
  },
  "DIS": {
    "income": {
      "symbol": "DIS",
      "income": [
        {
          "costOfRevenue": 13102698236,
          "currency": "USD",
          "ebit": 1813982282,
          "filingType": "10-Q",
          "fiscalDate": "2022-03-25",
          "fiscalQuarter": 2,
          "fiscalYear": 2101,
          "grossProfit": 6696729700,
          "incomeTax": 506381410,
          "interestIncome": 379843544,
          "minorityInterest": 131532039,
          "netIncome": 474240425,
          "netIncomeBasic": 481458812,
          "operatingExpense": 17785915792,
          "operatingIncome": 1613305840,
          "otherIncomeExpenseNet": 0,
          "pretaxIncome": 1107971403,
          "reportDate": "2022-05-05",
          "researchAndDevelopment": 0,
          "sellingGeneralAndAdmin": 3930060948,
          "symbol": "DIS",
          "totalRevenue": 20025382414,
          "id": "IEOMCN",
          "key": "SID",
          "subkey": "quarterly",
          "date": 1648857600000,
          "updated": 1689814190873.025
        },
        {
          "costOfRevenue": 15143558080,
          "currency": "USD",
          "ebit": 2547391362,
          "filingType": "10-Q",
          "fiscalDate": "2021-12-27",
          "fiscalQuarter": 1,
          "fiscalYear": 2056,
          "grossProfit": 7305320669,
          "incomeTax": 497855394,
          "interestIncome": 368966393,
          "minorityInterest": 48962578,
          "netIncome": 1130856778,
          "netIncomeBasic": 1120498796,
          "operatingExpense": 20323092014,
          "operatingIncome": 2281082540,
          "otherIncomeExpenseNet": 0,
          "pretaxIncome": 1752625406,
          "reportDate": "2022-01-27",
          "researchAndDevelopment": 0,
          "sellingGeneralAndAdmin": 3927437802,
          "symbol": "DIS",
          "totalRevenue": 22805831065,
          "id": "OMCNIE",
          "key": "SID",
          "subkey": "quarterly",
          "date": 1640995200000,
          "updated": 1707398300246.268
        },
        {
          "costOfRevenue": 12433482581,
          "currency": "USD",
          "ebit": 720739501,
          "filingType": "10-K",
          "fiscalDate": "2021-10-01",
          "fiscalQuarter": 4,
          "fiscalYear": 2056,
          "grossProfit": 6301941363,
          "incomeTax": 34909706,
          "interestIncome": 513492876,
          "minorityInterest": 97787700,
          "netIncome": 161407613,
          "netIncomeBasic": 159057381,
          "operatingExpense": 17948968885,
          "operatingIncome": 628446631,
          "otherIncomeExpenseNet": 0,
          "pretaxIncome": 291980146,
          "reportDate": "2021-11-12",
          "researchAndDevelopment": 0,
          "sellingGeneralAndAdmin": 4400733763,
          "symbol": "DIS",
          "totalRevenue": 18636916190,
          "id": "CIMOEN",
          "key": "ISD",
          "subkey": "quarterly",
          "date": 1633132800000,
          "updated": 1665597776723.624
        },
        {
          "costOfRevenue": 11316496691,
          "currency": "USD",
          "ebit": 1609189518,
          "filingType": "10-Q",
          "fiscalDate": "2021-06-23",
          "fiscalQuarter": 3,
          "fiscalYear": 2063,
          "grossProfit": 5806686809,
          "incomeTax": -137941362,
          "interestIncome": 405464639,
          "minorityInterest": 206867284,
          "netIncome": 944794747,
          "netIncomeBasic": 922898784,
          "operatingExpense": 16270947958,
          "operatingIncome": 1365343661,
          "otherIncomeExpenseNet": 0,
          "pretaxIncome": 1015352081,
          "reportDate": "2021-08-09",
          "researchAndDevelopment": 0,
          "sellingGeneralAndAdmin": 3300546926,
          "symbol": "DIS",
          "totalRevenue": 17233888241,
          "id": "MOICNE",
          "key": "DIS",
          "subkey": "quarterly",
          "date": 1625270400000,
          "updated": 1663170970369.341
        }
      ]
    }
  },
  "AAL": {
    "income": {
      "symbol": "AAL",
      "income": [
        {
          "costOfRevenue": 0,
          "currency": "USD",
          "ebit": -1636470645,
          "filingType": "10-Q",
          "fiscalDate": "2022-03-18",
          "fiscalQuarter": 1,
          "fiscalYear": 2071,
          "grossProfit": 9149567476,
          "incomeTax": -473376723,
          "interestIncome": 473417103,
          "minorityInterest": 0,
          "netIncome": -1673364205,
          "netIncomeBasic": -1663353143,
          "operatingExpense": 10965548773,
          "operatingIncome": -1619281930,
          "otherIncomeExpenseNet": 0,
          "pretaxIncome": -2175735363,
          "reportDate": "2022-04-17",
          "researchAndDevelopment": 0,
          "sellingGeneralAndAdmin": 337873075,
          "symbol": "AAL",
          "totalRevenue": 9073413137,
          "id": "CINOME",
          "key": "AAL",
          "subkey": "quarterly",
          "date": 1648684800000,
          "updated": 1723833830332.092
        },
        {
          "costOfRevenue": 0,
          "currency": "USD",
          "ebit": -806591784,
          "filingType": "10-K",
          "fiscalDate": "2021-12-27",
          "fiscalQuarter": 4,
          "fiscalYear": 2109,
          "grossProfit": 9712853715,
          "incomeTax": -271862467,
          "interestIncome": 477699341,
          "minorityInterest": 0,
          "netIncome": -961928521,
          "netIncomeBasic": -950994990,
          "operatingExpense": 10670246573,
          "operatingIncome": -808806055,
          "otherIncomeExpenseNet": 0,
          "pretaxIncome": -1205642432,
          "reportDate": "2022-02-13",
          "researchAndDevelopment": 0,
          "sellingGeneralAndAdmin": 367937298,
          "symbol": "AAL",
          "totalRevenue": 9670948815,
          "id": "OCIMEN",
          "key": "ALA",
          "subkey": "quarterly",
          "date": 1640908800000,
          "updated": 1680298040877.133
        },
        {
          "costOfRevenue": 0,
          "currency": "USD",
          "ebit": -400615594,
          "filingType": "10-Q",
          "fiscalDate": "2021-09-22",
          "fiscalQuarter": 3,
          "fiscalYear": 2094,
          "grossProfit": 8973661723,
          "incomeTax": 38061556,
          "interestIncome": 476699666,
          "minorityInterest": 0,
          "netIncome": 171777681,
          "netIncomeBasic": 173247353,
          "operatingExpense": 9424132546,
          "operatingIncome": -399639827,
          "otherIncomeExpenseNet": 0,
          "pretaxIncome": 208120154,
          "reportDate": "2021-10-19",
          "researchAndDevelopment": 0,
          "sellingGeneralAndAdmin": 331600876,
          "symbol": "AAL",
          "totalRevenue": 9313831099,
          "id": "MEIONC",
          "key": "AAL",
          "subkey": "quarterly",
          "date": 1632960000000,
          "updated": 1686295182329.964
        },
        {
          "costOfRevenue": 0,
          "currency": "USD",
          "ebit": -888149175,
          "filingType": "10-Q",
          "fiscalDate": "2021-06-22",
          "fiscalQuarter": 2,
          "fiscalYear": 2032,
          "grossProfit": 7712585417,
          "incomeTax": -10327181,
          "interestIncome": 485412230,
          "minorityInterest": 0,
          "netIncome": 19875193,
          "netIncomeBasic": 19613887,
          "operatingExpense": 8432124458,
          "operatingIncome": -870194367,
          "otherIncomeExpenseNet": 0,
          "pretaxIncome": 9394427,
          "reportDate": "2021-07-20",
          "researchAndDevelopment": 0,
          "sellingGeneralAndAdmin": 285762474,
          "symbol": "AAL",
          "totalRevenue": 7712493392,
          "id": "NIOECM",
          "key": "AAL",
          "subkey": "quarterly",
          "date": 1625011200000,
          "updated": 1726182915959.429
        }
      ]
    }
  },
  "BABA": {
    "income": {
      "symbol": "BABA",
      "income": [
        {
          "costOfRevenue": 23428950647.0788,
          "currency": "USD",
          "ebit": 5001073229.24,
          "filingType": "6-K",
          "fiscalDate": "2021-12-17",
          "fiscalQuarter": 3,
          "fiscalYear": 2049,
          "grossProfit": 15215241469.9289,
          "incomeTax": 1557137838.4358,
          "interestIncome": -2803402515.686,
          "minorityInterest": -214674060.1434,
          "netIncome": 3365704890.2932,
          "netIncomeBasic": 3299626921.8758,
          "operatingExpense": 33354128173.6113,
          "operatingIncome": 5264024754.567809,
          "otherIncomeExpenseNet": 0,
          "pretaxIncome": 4679082072.7026,
          "reportDate": "2022-02-10",
          "researchAndDevelopment": 2587208562.5168,
          "sellingGeneralAndAdmin": 7440606526.0099,
          "symbol": "BABA",
          "totalRevenue": 39116955445.721,
          "id": "NMCOEI",
          "key": "BBAA",
          "subkey": "quarterly",
          "date": 1640908800000,
          "updated": 1714261273491.0652
        },
        {
          "costOfRevenue": 20920685610.634,
          "currency": "USD",
          "ebit": 3307160228.0635,
          "filingType": "6-K",
          "fiscalDate": "2021-09-19",
          "fiscalQuarter": 2,
          "fiscalYear": 2075,
          "grossProfit": 11097195471.035,
          "incomeTax": 966097748.4451,
          "interestIncome": 205476721.1791,
          "minorityInterest": -329099720.5995,
          "netIncome": 838621839.9374,
          "netIncomeBasic": 838889649.3573,
          "operatingExpense": 29175526784.6268,
          "operatingIncome": 2360615618.5803,
          "otherIncomeExpenseNet": 0,
          "pretaxIncome": 1513937293.9784,
          "reportDate": "2021-11-04",
          "researchAndDevelopment": 2412267329.8384,
          "sellingGeneralAndAdmin": 6060201517.0583,
          "symbol": "BABA",
          "totalRevenue": 31289668695.999,
          "id": "NIEOMC",
          "key": "ABAB",
          "subkey": "quarterly",
          "date": 1632960000000,
          "updated": 1719130151158.1616
        },
        {
          "costOfRevenue": 19679204271.696,
          "currency": "USD",
          "ebit": 5734774691.43,
          "filingType": "6-K",
          "fiscalDate": "2021-06-29",
          "fiscalQuarter": 1,
          "fiscalYear": 2115,
          "grossProfit": 13145764798.485,
          "incomeTax": 1457338118.417,
          "interestIncome": 205173900.861,
          "minorityInterest": -346000977.191,
          "netIncome": 7311542839.078,
          "netIncomeBasic": 7063039133.171,
          "operatingExpense": 28429546495.314,
          "operatingIncome": 4948371252.590331,
          "otherIncomeExpenseNet": 0,
          "pretaxIncome": 8419423243.562,
          "reportDate": "2021-07-22",
          "researchAndDevelopment": 2105587605.098,
          "sellingGeneralAndAdmin": 5304928523.118,
          "symbol": "BABA",
          "totalRevenue": 33252276726.53,
          "id": "CMNEIO",
          "key": "ABAB",
          "subkey": "quarterly",
          "date": 1625011200000,
          "updated": 1729500605596.8696
        },
        {
          "costOfRevenue": 21412102409.699,
          "currency": "USD",
          "ebit": 195815902.158849,
          "filingType": "20-F",
          "fiscalDate": "2021-03-19",
          "fiscalQuarter": 4,
          "fiscalYear": 2088,
          "grossProfit": 10716890851.893,
          "incomeTax": 1228190745.8248,
          "interestIncome": 199126645.1392,
          "minorityInterest": -378244419.189,
          "netIncome": -219849268.204415,
          "netIncomeBasic": -220576196.382676,
          "operatingExpense": 33063826908.4205,
          "operatingIncome": -778063082.0904554,
          "otherIncomeExpenseNet": 0,
          "pretaxIncome": 654633189.662546,
          "reportDate": "2021-07-18",
          "researchAndDevelopment": 2257288441.7039,
          "sellingGeneralAndAdmin": 8678764988.3699,
          "symbol": "BABA",
          "totalRevenue": 32125701920.4898,
          "id": "IECNOM",
          "key": "AABB",
          "subkey": "quarterly",
          "date": 1617148800000,
          "updated": 1684806001421.6233
        }
      ]
    }
  }
}
